2575 3734
314 460 362 519 att
594 470 830 519 nuuamuu
972 457 1117 542 (nuere.

313 570 413 627 lulium
422 570 602 645 Tugurinum,
613 570 764 627 Munatium
769 569 892 636 Gratum,
903 568 1058 627 Antonium
1064 572 1119 625 Na-

312 646 403 713 talem,
418 646 543 701 Martium
554 646 674 711 Festum,
687 645 790 717 equites
799 646 946 701 Romanos:
966 661 1001 700 ex
1010 646 1118 719 quibus

313 720 437 787 Senecio,
457 738 472 775 e
490 721 632 792 praecipua
650 718 828 775 familiaritate
844 720 973 785 Neronis,
993 722 1118 791 speciem

314 796 446 851 amicitiae
462 796 542 849 etiam
554 803 613 850 tum
631 794 762 860 retinens,
787 811 819 850 eo
836 793 963 866 pluribus
983 794 1119 865 periculis

314 868 519 937 condictabatur.
558 868 659 924 Natalia
677 869 809 941 partioeps
828 869 863 924 ad
880 884 961 924 omne
979 879 1120 925 nemetum

314 944 404 1001 Pisoni
424 951 487 999 erat.
526 942 627 999 Ceteris
644 960 708 1015 spes
725 960 759 999 ex
774 943 852 998 novis
866 943 947 998 rebus
961 942 1118 1013 petebatur.

313 1020 436 1075 Adscitae
445 1024 517 1081 sunt,
528 1033 609 1088 super
622 1015 751 1072 Subrium
761 1015 954 1087 etSulpicium,
966 1017 1002 1071 de
1055 1019 1118 1073 ibus

313 1092 402 1159 retuli,
424 1092 552 1147 militares
571 1108 678 1157 manus,
699 1092 815 1147 Granius
833 1089 959 1146 Silvanus
974 1099 1001 1145 et
1036 1094 1118 1147 tatius

313 1168 464 1231 Proximus,
485 1165 587 1221 tribuni
597 1166 745 1221 cohortium
755 1166 955 1237 praetoriarum,
976 1165 1118 1222 Maximus

314 1242 430 1297 Scaurus
440 1248 465 1295 et
473 1239 704 1295 VenetusPaullus
713 1241 889 1297 centuriones.
909 1238 1118 1296 Sedsummum

313 1315 395 1371 robur
403 1316 432 1368 in
443 1314 525 1371 Fenio
534 1313 602 1371 liulo
610 1312 741 1388 praelecto
750 1314 898 1378 videbatur,
908 1331 1002 1386 quem,
1009 1316 1069 1370 vita
1079 1314 1117 1369 la-

313 1405 412 1461 maque
424 1388 569 1454 laudatum,
588 1406 636 1461 per
685 1390 792 1445 avitiam
810 1388 1059 1461 impudicitiamque
1072 1391 1117 1443 Ti-

313 1462 431 1537 gellinus
446 1464 474 1518 in
489 1463 579 1519 auimo
589 1406 721 1535 prisspis
734 1461 858 1529 anteibat,
873 1461 1057 1537 fatigabatque
1064 1466 1116 1519 cri-

314 1538 519 1602 minationibus,
540 1554 571 1592 ac
588 1554 667 1609 saepe
683 1537 712 1592 in
731 1544 833 1593 metum
852 1536 1013 1603 adduxerat,
1035 1539 1115 1611 quasi

314 1612 464 1669 adulterum
478 1612 639 1685 Agrippinae
658 1619 684 1667 et
697 1611 833 1667 desiderio
840 1612 900 1667 eius
910 1610 1010 1667 ultioni
1026 1615 1114 1668 inten-

252 1687 255 1691 ’
313 1698 381 1745 tum.
419 1688 511 1760 Igitur,
525 1686 573 1741 ubi
582 1686 735 1752 coniuratis,
746 1685 908 1757 preelectum
917 1690 1031 1759 quoque
1039 1705 1114 1759 prae·

314 1763 374 1818 torii
383 1763 412 1817 in
420 1770 509 1834 partes
517 1760 694 1826 descendisse,
710 1761 803 1815 crebro
815 1761 903 1832 ipsius
913 1776 1040 1817 sermone
1048 1762 1112 1817 iacta

314 1838 393 1907 lides;
414 1837 562 1909 promptius
577 1838 631 1899 iam
644 1835 678 1889 de
692 1843 810 1906 tempore
818 1852 850 1889 ac
863 1835 918 1891 looo
929 1836 1021 1891 caedis
1030 1838 1112 1911 agita-

313 1912 386 1973 bant.
426 1912 459 1966 Et
471 1910 573 1982 cepisse
588 1910 708 1981 inpetum
723 1908 837 1964 Subrius
845 1908 957 1964 Flavius
969 1909 1110 1976 terebatur,

314 1988 343 2041 in
358 2001 435 2040 scena
445 1992 581 2040 canentem
591 1986 722 2039 Neronem
735 1983 920 2057 adgrediendi3
941 1992 988 2039 aut
997 2002 1062 2041 cram
1072 2003 1112 2040 an-

313 2061 392 2115 dente
401 2061 478 2115 domo
487 2076 534 2132 per
544 2066 647 2114 noctem
659 2060 714 2114 huc
721 2057 788 2114 illuc
795 2067 914 2114 cursaret
922 2058 1109 2116 incustoditus.

314 2134 364 2189 llic
372 2136 473 2191 occasio
482 2132 649 2202 solitudinis;
669 2134 776 2206 ibiipaa
786 2131 943 2206 lrequentia,
959 2135 1027 2189 tanti
1037 2134 1111 2191 deoo-

314 2210 352 2262 ris
370 2209 459 2273 testis,
484 2207 697 2281 pulcherrimum
720 2209 841 2264 animum
860 2207 1108 2265 exstimulaverant:

314 2282 368 2336 nisi
381 2283 539 2354 inpunitatis
553 2284 651 2357 cupido
662 2284 825 2349 retinuisset,
836 2283 942 2357 magnis
953 2299 1062 2356 semper
1071 2302 1109 2340 oo-

315 2356 550 2423 natibusadversa.
1150 2413 1151 2428 χ

368 2434 410 2487 iil.
426 2432 534 2485 Interim
544 2433 730 2489 cunctantibus
740 2431 1073 2505 prolatantibusquoapem
1082 2450 1109 2487 ao

314 2504 461 2573 metum-E
482 2504 580 2561 lobaria
593 2508 740 2580 quaedam,
755 2509 887 2563 incertum
901 2524 1020 2579 quonam
1035 2508 1108 2564 modo
1149 2485 1150 2528 l

315 2582 445 2637 sciscitata
458 2523 556 2655 lrlreqrm
568 2579 608 2637 illi
624 2589 685 2636 anta
697 2581 753 2637 ulla
765 2598 855 2637 rerum
864 2581 1038 2639 honestarum
1048 2600 1106 2639 oure
1148 2569 1149 2626 l

315 2654 408 2728 luerat)
426 2654 567 2711 accendere
586 2663 611 2710 et
630 2672 741 2729 arguere
754 2657 918 2712 coniuratos:
939 2665 1107 2727 acpostremo
1147 2655 1148 2726 l

315 2730 480 2786 lentitudinis
501 2734 591 2785 eorum
612 2737 741 2801 pertaesa,
760 2738 786 2785 et
806 2730 835 2785 in
855 2728 919 2786 Cam
955 2730 1001 2785 nia
1020 2748 1105 2805 agens,

314 2803 444 2871 primores
453 2803 847 2860 classiariorumldisenensinm
857 2803 915 2859 labe
925 2815 1108 2869 acere,etoon·
1146 2813 1147 2826 ¹

314 2876 422 2931 scientia
437 2876 549 2949 inligare
563 2877 676 2933 connixa
690 2885 730 2932 est
741 2876 788 2933 tali
796 2878 883 2934 initio.
907 2877 986 2933 'Erat
1004 2880 1107 2935 chiliar-
1145 2875 1146 2924 l

314 2946 382 3004 chus
393 2952 421 3007 in
431 2968 460 3005 ea
471 2953 554 3007 classe
563 2951 691 3007 Volusius
699 2952 840 3020 Proculus,
851 2953 1011 3009 occidendae
1019 2957 1105 3009 matris
