2575 3734
190 468 324 543 acan)
443 477 525 524 me.
544 477 567 524 1.
588 479 680 526 car.
700 481 724 527 s.
745 479 769 526 r.
993 475 1010 530 7

190 576 782 650 gerenturzneve'frberiusvimprinoipatus
787 576 939 645 resolveret,
944 595 1013 636 cun·

193 661 243 707 cta
257 652 296 708 ad
306 659 431 706 senatum
444 651 579 708 vocando:
595 669 654 708 eam
668 653 847 710 conditionem
857 667 917 707 esse
925 653 1012 725 impe-

183 726 390 791 'randiutncn
399 725 480 781 aliter
488 728 673 792 rarioconstse
685 729 802 800 quamsi
812 725 863 782 uni
874 726 1009 785 reddatur.

257 803 284 856 7.
301 803 336 856 At
348 801 455 856 Romae
465 816 545 890 ruere
555 799 587 856 in
600 801 742 857 auritium
755 800 894 888 consules,
910 809 1011 872 pauca,

195 874 683 1020 brattbtttttlttt:
695 873 1012 1008 blitumst

192 1024 281 1096 cipis,
302 1041 359 1079 neu
377 1023 510 1078 tristiores
527 1024 688 1095 primordio,
708 1023 847 1092 lacrimas,
865 1023 1007 1100 gaudium,

191 1109 328 1170 questus,
353 1097 523 1152 adulationes
541 1098 698 1154 miscebant„
737 1097 800 1154 Sex.
820 1099 964 1171 Pompeius
982 1108 1009 1156 et

189 1173 257 1229 Sex.
275 1172 435 1244 Appuleius
448 1171 524 1227 Coss.
537 1173 621 1243 primi
634 1174 664 1227 in
678 1171 759 1229 verbe
773 1173 872 1229 Tiberii
886 1173 1008 1230 Caesaris

188 1250 336 1304 iuravere:
358 1246 489 1318 apudque
502 1263 548 1301 eos
560 1245 639 1302 Seius
653 1245 747 1302 Strabo
763 1255 789 1304 et
801 1246 832 1304 C.
846 1249 1006 1316 Turranius.

188 1323 240 1378 ille
250 1322 454 1394 praetoriarum
467 1320 617 1376 cohortium
629 1319 793 1394 praefectus,
813 1321 859 1380 bic
871 1339 1005 1380 annonae:

189 1415 258 1454 mox
266 1404 386 1452 senatus
395 1395 530 1467 milesque
538 1403 565 1451 ct
573 1395 701 1468 populus.
726 1397 795 1452 Nam
805 1397 929 1454 Tiberius
939 1414 1008 1454 cun-

190 1469 1007 1620 immutabilitati&

189 1630 284 1693 patres
304 1620 460 1675 incuriam
480 1619 602 1685 vocabat,
623 1620 677 1676 nisi
697 1621 857 1676 tribuniciae
869 1623 1006 1693 potestatis

189 1695 409 1768 praescriptione
420 1695 525 1766 posuit.
544 1694 732 1769 subtegmen
750 1704 880 1768 acceptae.
918 1695 1006 1752 Verba

191 1771 275 1826 edicti
289 1768 371 1824 fuam
381 1785 467 1840 pauca
480 1777 507 1824 et
519 1785 601 1826 sensu
620 1769 801 1844 permodesto:
821 1774 854 1822 de
867 1772 1007 1825 tonoritru

190 1848 317 1915 pareretis
326 1848 522 1900 somnitus-em:
530 1862 613 1914 neque
621 1848 759 1900 messam
770 1862 788 1898 c
798 1859 919 1911 corpore:
928 1845 1007 1913 idem

193 1937 280 1975 essm
287 1935 324 1974 erc
329 1921 447 1989 publicis
457 1923 609 1974 moenibus
621 1935 760 1986 neumare.
798 1916 863 1983 Sed,
881 1916 1006 1974 defuncto

193 1995 335 2068 Augusto.
355 1993 466 2066 signum
483 1993 624 2066 praetoriis
642 1991 794 2049 cohortibus
814 2001 844 2049 ut
862 1993 1006 2066 imperator

194 2069 319 2125 dederat:
334 2068 474 2134 excubiae,
485 2085 570 2134 arma,
581 2075 667 2122 cetera
676 2067 765 2125 aulae:
776 2068 854 2124 miles
863 2067 893 2124 in
903 2067 1002 2135 forum,

195 2142 275 2199 miles
294 2143 325 2198 in
344 2143 450 2197 curiam
468 2143 657 2199 comitabatur:
684 2142 784 2199 litteras
802 2143 838 2200 ad
859 2145 1002 2209 exercitus,

195 2227 338 2290 tamquam
348 2215 444 2289 adepto
455 2218 623 2290 principatu.
639 2219 727 2286 misit;
747 2235 884 2291 nusquam
894 2225 1004 2274 cuncu-

196 2293 318 2357 brmdus,
329 2292 386 2348 nisi
395 2309 459 2347 cum
467 2294 498 2347 in
507 2301 601 2348 senatu
609 2291 771 2366 loqueretur.
811 2293 913 2349 Caussa
925 2309 1005 2366 prae-

197 2365 276 2440 cipua
286 2384 322 2423 ex
331 2365 489 2433 formidine,
503 2384 537 2423 ne
546 2368 736 2434 Germanicus,
746 2368 775 2423 in
785 2369 864 2424 cuius
872 2385 956 2424 manu
966 2375 1004 2422 tot

199 2442 331 2517 legiones,
350 2442 484 2497 immensa
494 2442 627 2509 sociorum
636 2441 751 2508 auxilia,
766 2442 853 2499 mirus
868 2443 941 2514 apud
953 2459 1003 2514 po-

199 2516 295 2590 pulum
303 2517 396 2582 favor,
411 2517 510 2572 babere
522 2517 668 2589 imperium
675 2534 762 2590 quam
772 2525 924 2590 exspectare
933 2515 1003 2571 mal-

199 2591 241 2648 let.
275 2592 362 2647 Dabat
375 2598 402 2646 et
414 2591 515 2658 lamae,
535 2600 566 2648 ut
578 2599 687 2648 comma
705 2587 858 2665 electamque
877 2591 967 2664 potius
986 2607 1002 2646 a

200 2665 336 2739 republica
348 2665 498 2733 videretur,
518 2682 601 2738 quam
613 2683 662 2739 per
680 2667 807 2723 uxorium
827 2667 959 2722 ambitum
974 2673 1003 2720 et

123 2761 135 2784 ο
200 2741 277 2797 senili
290 2740 431 2812 adoptione
442 2741 599 2812 inrepsisse.
636 2741 730 2796 Postea
743 2740 879 2814 cognitum
893 2747 946 2805 est,
968 2739 1002 2794 ad

123 2850 124 2853 =
201 2814 424 2887 introspiciendas
436 2815 518 2871 etiam
536 2830 678 2887 procerum
697 2813 846 2872 voluntates
864 2814 1001 2869 inductam

201 2891 404 2947 dubiubcneni:
425 2906 490 2946 nam
508 2889 603 2956 verba,
623 2889 731 2954 vultus,
750 2890 780 2944 in
799 2889 900 2944 crimen
914 2887 1001 2942 detor-

203 2971 296 3038 q'ueaa.
307 2963 475 3021 remadebat.
821 2987 831 2994 -
