2575 3734
281 457 331 512 2⁴8
562 459 802 509 susinum
842 472 845 476 ⁴
944 447 1082 523 (nunu.

281 579 349 633 quas
358 564 495 632 manuque
503 563 629 630 pecora,
639 563 800 616 mnam:
813 556 885 623 illos,
896 559 1046 626 obsequium
1054 562 1086 612 in

281 653 378 706 repom,
389 641 560 692 merentium
568 639 597 690 io
605 651 666 699 nos,
681 638 760 690 &cua
773 637 882 703 quisque
888 649 965 686 suum
973 640 999 687 et
1007 634 1086 701 fidem

280 715 429 768 reumont.
466 710 538 766 Exin
548 726 611 766 cum
622 707 774 783 legionibus
783 707 813 762 in
822 706 930 781 Syrium
943 707 1084 762 remmvit.

336 788 380 841 38.
399 782 474 851 Quae
482 783 589 840 duabus
598 782 745 840 aestatibus
756 791 846 855 gesta,
866 781 1009 846 coniunxi,
1027 797 1086 852 quo

281 859 459 931 requiesceret
476 859 584 914 animus
603 875 619 914 a
637 857 791 914 domesticis
809 854 899 913 mulis
937 856 997 912 Non
1009 856 1085 910 enim

281 934 434 998 Tiberium,
460 949 626 1005 quamquam
644 932 760 989 biennio
777 938 837 1004 post
856 928 965 986 caedem
980 927 1083 995 Seiani,

281 1025 352 1081 quac
371 1014 471 1062 ceteros
489 1005 594 1062 mollire
611 1005 711 1074 solent,
729 1014 851 1077 tempus,
865 1021 972 1077 preces,
989 1005 1083 1070 satim,

281 1081 453 1155 mitigabant,
468 1081 536 1153 quin
545 1081 659 1146 incerta,
673 1079 717 1138 vel
727 1080 838 1145 abolita,
855 1096 905 1152 pro
912 1079 1085 1153 gravissimis

281 1164 307 1212 ct
325 1155 476 1210 recentibus
494 1155 612 1226 puniret.
649 1155 691 1212 llo
704 1162 779 1211 metu
791 1151 932 1211 Fulcinius
945 1153 1022 1219 Trio,
1039 1154 1087 1208 iu·

282 1230 404 1304 grueutis
413 1237 578 1286 accusatores
586 1228 662 1285 haud
669 1246 829 1302 perpessus,
838 1228 974 1300 supremis
984 1227 1085 1287 tabulis

282 1303 366 1359 multa
375 1311 401 1359 et
409 1303 506 1360 atrocia
520 1305 550 1360 in
561 1304 713 1360 Macronem
721 1321 753 1360 ao
761 1304 917 1375 praedpuos
926 1301 1087 1360 libertorum

282 1377 402 1434 Caesaris
412 1378 575 1450 composuit,
588 1378 642 1451 ipsi
651 1377 973 1442 lluxamsenicmentem‚
984 1384 1087 1432 etecu-

280 1454 357 1508 tinuo
370 1452 498 1510 abscessu
510 1450 585 1509 velut
597 1452 726 1510 exsilium
738 1451 903 1527 obiectandc.
941 1449 1031 1518 Quae,
1049 1450 1086 1506 ab

281 1525 425 1582 heredibus
434 1525 571 1592 occullata,
577 1526 681 1582 recitari
689 1527 814 1584 Tiberius
824 1527 917 1583 iussit:
927 1526 1085 1598 patientiam

166 1669 170 1674 ἱ
281 1600 411 1658 libertatis
424 1600 527 1658 alienae
538 1597 689 1667 catenum,
708 1610 736 1658 et
750 1609 913 1673 mntemptcr
930 1617 996 1656 saue
1013 1598 1087 1656 inia-

282 1676 365 1742 miae‚
385 1693 421 1732 an
432 1675 565 1736 scelerum
578 1674 669 1734 Seiani
686 1676 735 1733 diu
753 1675 876 1742 nescius,
895 1692 961 1731 mox
972 1691 1085 1747 quoquc

281 1751 360 1824 modo
370 1750 439 1807 dicta
447 1749 554 1824 vulgari
563 1749 693 1818 malebat,
707 1752 895 1824 veritatisque,
910 1749 955 1805 cui
967 1748 1086 1805 adulatio

281 1824 376 1892 officit,
391 1843 439 1898 per
451 1825 548 1898 probra
558 1825 654 1882 salum
662 1843 763 1901 gnarus
773 1825 841 1882 lieri.
880 1824 978 1882 lisdem
987 1823 1086 1880 diebus

282 1901 400 1957 Granius
412 1901 575 1966 Martianus,
593 1910 713 1968 senator,
726 1919 743 1958 a
757 1899 789 1958 C.
805 1898 925 1956 Graccho
937 1899 1085 1956 maiestatis

281 1974 444 2047 postulatus,
459 1977 517 2032 uim
531 1976 600 2031 vitae
614 1993 680 2032 suae
692 1974 801 2032 adtulit:
823 1975 970 2046 Tatiusque
978 1973 1087 2030 Gratiu-

282 2067 349 2114 nus,
365 2057 489 2120 praetura
501 2049 623 2117 functus,
638 2049 697 2125 lege
708 2049 801 2106 eadem
813 2056 963 2106 extremum
972 2047 1009 2104 ad
1016 2065 1086 2121 sup-
1168 2086 1169 2119 p

281 2123 395 2195 plicium
404 2121 556 2181 damnatus.
1168 2132 1169 2141 ’

337 2199 378 2252 39.
397 2197 814 2270 Ncodispares'l'rebcllienillufi
823 2197 1086 2256 etSextiiPaccuiani

281 2272 379 2328 exitus.
418 2271 487 2328 Nam
497 2273 680 2330 Trebellienus
688 2291 739 2330 sua
747 2291 831 2329 manu
839 2272 947 2342 cecidit;
957 2273 1086 2329 Paconia-

282 2364 335 2401 nus
345 2347 374 2401 in
383 2362 500 2413 carcere,
514 2347 550 2404 ob
561 2350 681 2404 carmina
693 2347 788 2404 illicio
798 2349 949 2420 principem
957 2345 1084 2414 bobum,

281 2419 463 2494 strangulatus
477 2430 526 2478 est.
565 2423 636 2478 lincc
648 2421 772 2480 'liberius
784 2441 839 2478 non
856 2423 940 2488 mari,
960 2429 992 2476 ut
1004 2421 1084 2487 olim.

281 2495 402 2561 divisus,
417 2512 562 2568 nequcper
571 2493 734 2570 longinquos
743 2495 1020 2568 nuntiosnccipiebnt,
1035 2497 1087 2552 sed

281 2569 377 2627 urbem
387 2570 476 2639 iuxta;
486 2569 579 2626 eodem
588 2578 619 2626 ut
627 2569 730 2637 die‚vel
739 2573 825 2627 nodis
834 2569 1086 2636 intcdectu,litteris

281 2644 424 2701 consulum
437 2644 607 2701 rescriberet:
627 2645 707 2717 quasi
720 2644 871 2718 adspiciens
879 2644 1026 2702 undantem
1035 2662 1086 2718 per

281 2717 375 2776 domos
473 2719 479 2733 ’
501 2736 559 2786 em,
571 2726 619 2775 aut
630 2736 728 2776 manus
736 2719 903 2777 carnificum.
942 2719 1010 2776 Fine
1018 2720 1086 2776 nuni

281 2793 420 2866 Poppaeus
491 2794 555 2850 inus
573 2795 704 2851 consessit
722 2794 791 2862 via,
814 2794 938 2856 modicus
990 2795 997 2809 ‘
1019 2794 1025 2808 “
1049 2794 1055 2807 “
1074 2835 1083 2860 ,

281 2867 437 2940 principum
451 2867 752 2926 amicitiaconsulatum
769 2887 802 2926 ac
818 2810 1085 2940 triumphum

282 2942 407 3016 adeptus.
420 2943 601 3019 maximisque
610 2943 757 3018 provinciis
766 2962 815 3018 per
823 2953 939 3018 quatuor
950 2951 977 3000 et
987 2943 1085 3019 viginti
