<?xml version="1.0" encoding="UTF-8"?>
<!DOCTYPE html PUBLIC "-//W3C//DTD XHTML 1.0 Transitional//EN"
    "http://www.w3.org/TR/xhtml1/DTD/xhtml1-transitional.dtd">
<html xmlns="http://www.w3.org/1999/xhtml" xml:lang="en" lang="en">
 <head>
  <title>
</title>
<meta http-equiv="Content-Type" content="text/html;charset=utf-8" />
  <meta name='ocr-system' content='tesseract 3.04.00' />
  <meta name='ocr-capabilities' content='ocr_page ocr_carea ocr_par ocr_line ocrx_word'/>
</head>
<body>
  <div class='ocr_page' id='page_1' title='image "./operaquoadextan02tacigoog_0174.png"; bbox 0 0 2575 3734; ppageno 0'>
   <div class='ocr_carea' id='block_1_1' title="bbox 317 481 1110 556">
    <p class='ocr_par' dir='ltr' id='par_1_1' title="bbox 317 481 1110 556">
     <span class='ocr_line' id='line_1_1' title="bbox 317 481 1110 556; baseline 0.003 -16"><span class='ocrx_word' id='word_1_1' title='bbox 317 488 365 542; x_wconf 75' lang='lat' dir='ltr'><strong><em>tio</em></strong></span> <span class='ocrx_word' id='word_1_2' title='bbox 594 490 830 538; x_wconf 71' lang='lat' dir='ltr'><strong><em>euasurum</em></strong></span> <span class='ocrx_word' id='word_1_3' title='bbox 971 481 1110 556; x_wconf 70' lang='lat' dir='ltr'><strong><em>(nnus.</em></strong></span> 
     </span>
    </p>
   </div>
   <div class='ocr_carea' id='block_1_2' title="bbox 315 593 1115 1852">
    <p class='ocr_par' dir='ltr' id='par_1_2' title="bbox 315 593 1114 883">
     <span class='ocr_line' id='line_1_2' title="bbox 319 593 1114 660; baseline -0.003 -11"><span class='ocrx_word' id='word_1_4' title='bbox 319 593 446 655; x_wconf 68' lang='lat' dir='ltr'><strong><em>caumes,</em></strong></span> <span class='ocrx_word' id='word_1_5' title='bbox 465 599 494 647; x_wconf 90' lang='lat' dir='ltr'><strong><em>ut</em></strong></span> <span class='ocrx_word' id='word_1_6' title='bbox 510 593 588 646; x_wconf 81' lang='lat' dir='ltr'><strong><em>eenrel</em></strong></span> <span class='ocrx_word' id='word_1_7' title='bbox 603 594 730 660; x_wconf 74' lang='lat' dir='ltr'><strong><em>recepisse</em></strong></span> <span class='ocrx_word' id='word_1_8' title='bbox 742 593 844 644; x_wconf 86' lang='lat' dir='ltr'><strong><em>ueniam</em></strong></span> <span class='ocrx_word' id='word_1_9' title='bbox 857 593 988 654; x_wconf 78' lang='lat' dir='ltr'><strong><em>habuerit,</em></strong></span> <span class='ocrx_word' id='word_1_10' title='bbox 1010 596 1114 658; x_wconf 74' lang='lat' dir='ltr'><strong><em>itaper</em></strong></span> 
     </span>
     <span class='ocr_line' id='line_1_3' title="bbox 315 668 1111 735; baseline 0 -13"><span class='ocrx_word' id='word_1_11' title='bbox 315 684 402 722; x_wconf 85' lang='lat' dir='ltr'><strong><em>omnes</em></strong></span> <span class='ocrx_word' id='word_1_12' title='bbox 407 668 558 735; x_wconf 71' lang='lat' dir='ltr'><strong><em>morineias</em></strong></span> <span class='ocrx_word' id='word_1_13' title='bbox 566 669 649 735; x_wconf 69' lang='lat' dir='ltr'><strong><em>effipie</em></strong></span> <span class='ocrx_word' id='word_1_14' title='bbox 658 669 791 720; x_wconf 76' lang='lat' dir='ltr'><strong><em>staminum</em></strong></span> <span class='ocrx_word' id='word_1_15' title='bbox 804 669 922 728; x_wconf 75' lang='lat' dir='ltr'><strong><em>sacrari,</em></strong></span> <span class='ocrx_word' id='word_1_16' title='bbox 936 668 1111 732; x_wconf 81' lang='lat' dir='ltr'><strong><em>ambitiosum,</em></strong></span> 
     </span>
     <span class='ocr_line' id='line_1_4' title="bbox 315 739 1113 810; baseline -0.001 -13"><span class='ocrx_word' id='word_1_17' title='bbox 315 744 465 810; x_wconf 82' lang='lat' dir='ltr'><strong><em>superbum:</em></strong></span> <span class='ocrx_word' id='word_1_18' title='bbox 475 747 500 794; x_wconf 91' lang='lat' dir='ltr'><strong><em>et</em></strong></span> <span class='ocrx_word' id='word_1_19' title='bbox 508 739 835 808; x_wconf 66' lang='lat' dir='ltr'><strong><em>miseriammiseriar,</em></strong></span> <span class='ocrx_word' id='word_1_20' title='bbox 846 742 870 794; x_wconf 83' lang='lat' dir='ltr'><strong><em>si</em></strong></span> <span class='ocrx_word' id='word_1_21' title='bbox 876 743 1033 808; x_wconf 73' lang='lat' dir='ltr'><strong><em>promiscuis</em></strong></span> <span class='ocrx_word' id='word_1_22' title='bbox 1042 745 1113 796; x_wconf 77' lang='lat' dir='ltr'><strong><em>aaa·</em></strong></span> 
     </span>
     <span class='ocr_line' id='line_1_5' title="bbox 317 817 594 883; baseline -0.011 -12"><span class='ocrx_word' id='word_1_23' title='bbox 317 818 456 871; x_wconf 80' lang='lat' dir='ltr'><strong><em>lotionibus</em></strong></span> <span class='ocrx_word' id='word_1_24' title='bbox 464 817 594 883; x_wconf 81' lang='lat' dir='ltr'><strong><em>eulpatur.</em></strong></span> 
     </span>
    </p>

    <p class='ocr_par' dir='ltr' id='par_1_3' title="bbox 315 886 1115 1852">
     <span class='ocr_line' id='line_1_6' title="bbox 371 886 1114 960; baseline 0.003 -16"><span class='ocrx_word' id='word_1_25' title='bbox 371 892 413 944; x_wconf 79' lang='lat'><strong><em>38.</em></strong></span> <span class='ocrx_word' id='word_1_26' title='bbox 433 888 488 956; x_wconf 78' lang='lat' dir='ltr'><strong><em>Epo</em></strong></span> <span class='ocrx_word' id='word_1_27' title='bbox 496 905 544 951; x_wconf 89' lang='lat' dir='ltr'><strong><em>me,</em></strong></span> <span class='ocrx_word' id='word_1_28' title='bbox 557 889 584 942; x_wconf 87' lang='lat' dir='ltr'><strong><em>P.</em></strong></span> <span class='ocrx_word' id='word_1_29' title='bbox 597 886 633 952; x_wconf 74' lang='lat'><strong><em>0„</em></strong></span> <span class='ocrx_word' id='word_1_30' title='bbox 643 889 777 942; x_wconf 75' lang='lat' dir='ltr'><strong><em>mortalem</em></strong></span> <span class='ocrx_word' id='word_1_31' title='bbox 790 901 844 941; x_wconf 86' lang='lat' dir='ltr'><strong><em>esse</em></strong></span> <span class='ocrx_word' id='word_1_32' title='bbox 853 897 876 942; x_wconf 91' lang='lat' dir='ltr'><strong><em>et</em></strong></span> <span class='ocrx_word' id='word_1_33' title='bbox 885 889 1014 944; x_wconf 69' lang='lat' dir='ltr'><strong><em>lentim</em></strong></span> <span class='ocrx_word' id='word_1_34' title='bbox 1023 893 1114 960; x_wconf 72' lang='lat' dir='ltr'><strong><em>offieia</em></strong></span> 
     </span>
     <span class='ocr_line' id='line_1_7' title="bbox 316 960 1114 1035; baseline 0 -16"><span class='ocrx_word' id='word_1_35' title='bbox 316 968 402 1035; x_wconf 73' lang='lat' dir='ltr'><strong><em>sumai,</em></strong></span> <span class='ocrx_word' id='word_1_36' title='bbox 415 967 530 1030; x_wconf 77' lang='lat' dir='ltr'><strong><em>satisque</em></strong></span> <span class='ocrx_word' id='word_1_37' title='bbox 537 960 641 1026; x_wconf 79' lang='lat' dir='ltr'><strong><em>labere,</em></strong></span> <span class='ocrx_word' id='word_1_38' title='bbox 656 967 680 1016; x_wconf 91' lang='lat' dir='ltr'><strong><em>si</em></strong></span> <span class='ocrx_word' id='word_1_39' title='bbox 694 965 777 1016; x_wconf 89' lang='lat' dir='ltr'><strong><em>laeum</em></strong></span> <span class='ocrx_word' id='word_1_40' title='bbox 782 965 927 1030; x_wconf 86' lang='lat' dir='ltr'><strong><em>prinoipem</em></strong></span> <span class='ocrx_word' id='word_1_41' title='bbox 936 965 1070 1031; x_wconf 89' lang='lat' dir='ltr'><strong><em>impleam,</em></strong></span> <span class='ocrx_word' id='word_1_42' title='bbox 1087 973 1114 1019; x_wconf 88' lang='lat' dir='ltr'><strong><em>et</em></strong></span> 
     </span>
     <span class='ocr_line' id='line_1_8' title="bbox 315 1039 1115 1106; baseline -0.003 -12"><span class='ocrx_word' id='word_1_43' title='bbox 315 1056 361 1094; x_wconf 85' lang='lat' dir='ltr'><strong><em>aoe</em></strong></span> <span class='ocrx_word' id='word_1_44' title='bbox 371 1045 461 1101; x_wconf 86' lang='lat' dir='ltr'><strong><em>testor,</em></strong></span> <span class='ocrx_word' id='word_1_45' title='bbox 478 1043 503 1089; x_wconf 92' lang='lat' dir='ltr'><strong><em>et</em></strong></span> <span class='ocrx_word' id='word_1_46' title='bbox 515 1040 658 1090; x_wconf 77' lang='lat' dir='ltr'><strong><em>muninime</em></strong></span> <span class='ocrx_word' id='word_1_47' title='bbox 664 1045 780 1105; x_wconf 86' lang='lat' dir='ltr'><strong><em>posteros</em></strong></span> <span class='ocrx_word' id='word_1_48' title='bbox 791 1039 863 1090; x_wconf 85' lang='lat' dir='ltr'><strong><em>nolo:</em></strong></span> <span class='ocrx_word' id='word_1_49' title='bbox 882 1041 928 1106; x_wconf 81' lang='lat' dir='ltr'><strong><em>qui</em></strong></span> <span class='ocrx_word' id='word_1_50' title='bbox 940 1041 1006 1094; x_wconf 83' lang='lat' dir='ltr'><strong><em>satie</em></strong></span> <span class='ocrx_word' id='word_1_51' title='bbox 1018 1055 1115 1106; x_wconf 88' lang='lat' dir='ltr'><strong><em>super-</em></strong></span> 
     </span>
     <span class='ocr_line' id='line_1_9' title="bbox 318 1113 1115 1182; baseline 0.003 -16"><span class='ocrx_word' id='word_1_52' title='bbox 318 1130 366 1182; x_wconf 78' lang='lat' dir='ltr'><strong><em>que</em></strong></span> <span class='ocrx_word' id='word_1_53' title='bbox 375 1113 724 1175; x_wconf 81' lang='lat' dir='ltr'><strong><em>memoriaemeaeteilraent,</em></strong></span> <span class='ocrx_word' id='word_1_54' title='bbox 734 1118 764 1166; x_wconf 90' lang='lat' dir='ltr'><strong><em>ut</em></strong></span> <span class='ocrx_word' id='word_1_55' title='bbox 772 1113 914 1166; x_wconf 81' lang='lat' dir='ltr'><strong><em>maioribus</em></strong></span> <span class='ocrx_word' id='word_1_56' title='bbox 921 1115 987 1166; x_wconf 84' lang='lat' dir='ltr'><strong><em>meis</em></strong></span> <span class='ocrx_word' id='word_1_57' title='bbox 993 1115 1115 1182; x_wconf 78' lang='lat' dir='ltr'><strong><em>dippum,</em></strong></span> 
     </span>
     <span class='ocr_line' id='line_1_10' title="bbox 316 1187 1113 1255; baseline 0.003 -15"><span class='ocrx_word' id='word_1_58' title='bbox 316 1202 405 1240; x_wconf 85' lang='lat' dir='ltr'><strong><em>rerum</em></strong></span> <span class='ocrx_word' id='word_1_59' title='bbox 422 1192 568 1240; x_wconf 79' lang='lat' dir='ltr'><strong><em>uestrarum</em></strong></span> <span class='ocrx_word' id='word_1_60' title='bbox 581 1189 731 1253; x_wconf 79' lang='lat' dir='ltr'><strong><em>providam,</em></strong></span> <span class='ocrx_word' id='word_1_61' title='bbox 756 1193 912 1241; x_wconf 71' lang='lat' dir='ltr'><strong><em>emimentem</em></strong></span> <span class='ocrx_word' id='word_1_62' title='bbox 929 1187 966 1241; x_wconf 82' lang='lat' dir='ltr'><strong><em>in</em></strong></span> <span class='ocrx_word' id='word_1_63' title='bbox 974 1191 1113 1255; x_wconf 79' lang='lat' dir='ltr'><strong><em>pmieulis,</em></strong></span> 
     </span>
     <span class='ocr_line' id='line_1_11' title="bbox 317 1263 1113 1329; baseline 0.005 -16"><span class='ocrx_word' id='word_1_64' title='bbox 317 1263 484 1329; x_wconf 73' lang='lat' dir='ltr'><strong><em>offensionum</em></strong></span> <span class='ocrx_word' id='word_1_65' title='bbox 491 1263 774 1328; x_wconf 86' lang='lat' dir='ltr'><strong><em>proutilitatepublioa</em></strong></span> <span class='ocrx_word' id='word_1_66' title='bbox 784 1265 978 1329; x_wconf 78' lang='lat' dir='ltr'><strong><em>noeipaoirlum,</em></strong></span> <span class='ocrx_word' id='word_1_67' title='bbox 995 1265 1113 1317; x_wconf 75' lang='lat' dir='ltr'><strong><em>medani.</em></strong></span> 
     </span>
     <span class='ocr_line' id='line_1_12' title="bbox 317 1334 1114 1404; baseline 0.003 -16"><span class='ocrx_word' id='word_1_68' title='bbox 317 1334 388 1388; x_wconf 82' lang='lat' dir='ltr'><strong><em>liaeo</em></strong></span> <span class='ocrx_word' id='word_1_69' title='bbox 400 1335 464 1387; x_wconf 83' lang='lat' dir='ltr'><strong><em>milri</em></strong></span> <span class='ocrx_word' id='word_1_70' title='bbox 476 1337 505 1388; x_wconf 89' lang='lat' dir='ltr'><strong><em>in</em></strong></span> <span class='ocrx_word' id='word_1_71' title='bbox 518 1337 614 1388; x_wconf 86' lang='lat' dir='ltr'><strong><em>animis</em></strong></span> <span class='ocrx_word' id='word_1_72' title='bbox 626 1339 719 1388; x_wconf 87' lang='lat' dir='ltr'><strong><em>uestris</em></strong></span> <span class='ocrx_word' id='word_1_73' title='bbox 733 1338 837 1402; x_wconf 84' lang='lat' dir='ltr'><strong><em>templa,</em></strong></span> <span class='ocrx_word' id='word_1_74' title='bbox 857 1337 905 1390; x_wconf 81' lang='lat' dir='ltr'><strong><em>luae</em></strong></span> <span class='ocrx_word' id='word_1_75' title='bbox 920 1337 1114 1404; x_wconf 77' lang='lat' dir='ltr'><strong><em>pulcherrimae</em></strong></span> 
     </span>
     <span class='ocr_line' id='line_1_13' title="bbox 317 1409 1114 1478; baseline 0.006 -17"><span class='ocrx_word' id='word_1_76' title='bbox 317 1411 610 1478; x_wconf 73' lang='lat' dir='ltr'><strong><em>etfipies,etmousurae.</em></strong></span> <span class='ocrx_word' id='word_1_77' title='bbox 646 1409 715 1464; x_wconf 89' lang='lat' dir='ltr'><strong><em>Nam</em></strong></span> <span class='ocrx_word' id='word_1_78' title='bbox 724 1425 790 1478; x_wconf 83' lang='lat' dir='ltr'><strong><em>quae</em></strong></span> <span class='ocrx_word' id='word_1_79' title='bbox 800 1425 868 1464; x_wconf 84' lang='lat' dir='ltr'><strong><em>saao</em></strong></span> <span class='ocrx_word' id='word_1_80' title='bbox 878 1417 1024 1474; x_wconf 77' lang='lat' dir='ltr'><strong><em>struuntur,</em></strong></span> <span class='ocrx_word' id='word_1_81' title='bbox 1033 1415 1060 1464; x_wconf 91' lang='lat' dir='ltr'><strong><em>si</em></strong></span> <span class='ocrx_word' id='word_1_82' title='bbox 1070 1416 1114 1466; x_wconf 89' lang='lat' dir='ltr'><strong><em>iu-</em></strong></span> 
     </span>
     <span class='ocr_line' id='line_1_14' title="bbox 318 1486 1113 1553; baseline 0.004 -16"><span class='ocrx_word' id='word_1_83' title='bbox 318 1486 416 1537; x_wconf 77' lang='lat' dir='ltr'><strong><em>dicium</em></strong></span> <span class='ocrx_word' id='word_1_84' title='bbox 421 1490 582 1551; x_wconf 86' lang='lat' dir='ltr'><strong><em>posterorum</em></strong></span> <span class='ocrx_word' id='word_1_85' title='bbox 591 1487 620 1536; x_wconf 89' lang='lat' dir='ltr'><strong><em>in</em></strong></span> <span class='ocrx_word' id='word_1_86' title='bbox 628 1486 715 1536; x_wconf 89' lang='lat' dir='ltr'><strong><em>odium</em></strong></span> <span class='ocrx_word' id='word_1_87' title='bbox 724 1486 813 1546; x_wconf 84' lang='lat' dir='ltr'><strong><em>uertit,</em></strong></span> <span class='ocrx_word' id='word_1_88' title='bbox 826 1486 1029 1552; x_wconf 81' lang='lat' dir='ltr'><strong><em>prasepuleltris</em></strong></span> <span class='ocrx_word' id='word_1_89' title='bbox 1037 1502 1113 1553; x_wconf 82' lang='lat' dir='ltr'><strong><em>sper-</em></strong></span> 
     </span>
     <span class='ocr_line' id='line_1_15' title="bbox 317 1557 1114 1626; baseline 0.001 -13"><span class='ocrx_word' id='word_1_90' title='bbox 317 1565 426 1613; x_wconf 82' lang='lat' dir='ltr'><strong><em>nuntur.</em></strong></span> <span class='ocrx_word' id='word_1_91' title='bbox 464 1557 673 1620; x_wconf 67' lang='lat' dir='ltr'><strong><em>Promissum,</em></strong></span> <span class='ocrx_word' id='word_1_92' title='bbox 685 1561 759 1621; x_wconf 82' lang='lat' dir='ltr'><strong><em>aives,</em></strong></span> <span class='ocrx_word' id='word_1_93' title='bbox 771 1565 794 1612; x_wconf 92' lang='lat' dir='ltr'><strong><em>et</em></strong></span> <span class='ocrx_word' id='word_1_94' title='bbox 804 1561 863 1626; x_wconf 76' lang='lat' dir='ltr'><strong><em>ileos</em></strong></span> <span class='ocrx_word' id='word_1_95' title='bbox 872 1562 940 1626; x_wconf 88' lang='lat' dir='ltr'><strong><em>ipsos</em></strong></span> <span class='ocrx_word' id='word_1_96' title='bbox 946 1575 1055 1626; x_wconf 83' lang='lat' dir='ltr'><strong><em>precor:</em></strong></span> <span class='ocrx_word' id='word_1_97' title='bbox 1067 1563 1114 1614; x_wconf 80' lang='lat' dir='ltr'><strong><em>lios</em></strong></span> 
     </span>
     <span class='ocr_line' id='line_1_16' title="bbox 318 1634 1114 1708; baseline 0.003 -22"><span class='ocrx_word' id='word_1_98' title='bbox 318 1641 348 1686; x_wconf 90' lang='lat' dir='ltr'><strong><em>ut</em></strong></span> <span class='ocrx_word' id='word_1_99' title='bbox 365 1634 429 1686; x_wconf 79' lang='lat' dir='ltr'><strong><em>niul</em></strong></span> <span class='ocrx_word' id='word_1_100' title='bbox 445 1634 481 1686; x_wconf 76' lang='lat' dir='ltr'><strong><em>ari</em></strong></span> <span class='ocrx_word' id='word_1_101' title='bbox 498 1634 573 1701; x_wconf 67' lang='lat' dir='ltr'><strong><em>inem</em></strong></span> <span class='ocrx_word' id='word_1_102' title='bbox 592 1647 673 1708; x_wconf 75' lang='lat' dir='ltr'><strong><em>usqae</em></strong></span> <span class='ocrx_word' id='word_1_103' title='bbox 688 1637 757 1686; x_wconf 87' lang='lat' dir='ltr'><strong><em>oilae</em></strong></span> <span class='ocrx_word' id='word_1_104' title='bbox 771 1637 883 1700; x_wconf 79' lang='lat' dir='ltr'><strong><em>quietam</em></strong></span> <span class='ocrx_word' id='word_1_105' title='bbox 895 1641 919 1686; x_wconf 90' lang='lat' dir='ltr'><strong><em>et</em></strong></span> <span class='ocrx_word' id='word_1_106' title='bbox 931 1636 1114 1702; x_wconf 79' lang='lat' dir='ltr'><strong><em>intellipentem</em></strong></span> 
     </span>
     <span class='ocr_line' id='line_1_17' title="bbox 318 1709 1114 1777; baseline 0.003 -17"><span class='ocrx_word' id='word_1_107' title='bbox 318 1709 425 1763; x_wconf 81' lang='lat' dir='ltr'><strong><em>lrumoni</em></strong></span> <span class='ocrx_word' id='word_1_108' title='bbox 433 1710 564 1776; x_wconf 80' lang='lat' dir='ltr'><strong><em>divinique</em></strong></span> <span class='ocrx_word' id='word_1_109' title='bbox 573 1709 641 1762; x_wconf 81' lang='lat' dir='ltr'><strong><em>iuris</em></strong></span> <span class='ocrx_word' id='word_1_110' title='bbox 650 1714 755 1760; x_wconf 87' lang='lat' dir='ltr'><strong><em>mentem</em></strong></span> <span class='ocrx_word' id='word_1_111' title='bbox 764 1710 853 1774; x_wconf 74' lang='lat' dir='ltr'><strong><em>duint,</em></strong></span> <span class='ocrx_word' id='word_1_112' title='bbox 866 1710 933 1770; x_wconf 87' lang='lat' dir='ltr'><strong><em>illos,</em></strong></span> <span class='ocrx_word' id='word_1_113' title='bbox 943 1717 980 1770; x_wconf 89' lang='lat' dir='ltr'><strong><em>ut,</em></strong></span> <span class='ocrx_word' id='word_1_114' title='bbox 994 1713 1114 1777; x_wconf 79' lang='lat' dir='ltr'><strong><em>peranda-</em></strong></span> 
     </span>
     <span class='ocr_line' id='line_1_18' title="bbox 319 1783 1114 1852; baseline 0.003 -16"><span class='ocrx_word' id='word_1_115' title='bbox 319 1799 368 1850; x_wconf 79' lang='lat' dir='ltr'><strong><em>que</em></strong></span> <span class='ocrx_word' id='word_1_116' title='bbox 378 1783 680 1845; x_wconf 71' lang='lat' dir='ltr'><strong><em>emmerammianos</em></strong></span> <span class='ocrx_word' id='word_1_117' title='bbox 689 1790 714 1834; x_wconf 88' lang='lat' dir='ltr'><strong><em>et</em></strong></span> <span class='ocrx_word' id='word_1_118' title='bbox 722 1783 794 1836; x_wconf 85' lang='lat' dir='ltr'><strong><em>bonis</em></strong></span> <span class='ocrx_word' id='word_1_119' title='bbox 802 1785 1031 1846; x_wconf 80' lang='lat' dir='ltr'><strong><em>recordationibus,</em></strong></span> <span class='ocrx_word' id='word_1_120' title='bbox 1040 1787 1114 1852; x_wconf 76' lang='lat' dir='ltr'><strong><em>[aeta</em></strong></span> 
     </span>
    </p>
   </div>
   <div class='ocr_carea' id='block_1_3' title="bbox 318 1855 1115 2222">
    <p class='ocr_par' dir='ltr' id='par_1_4' title="bbox 318 1855 1115 2222">
     <span class='ocr_line' id='line_1_19' title="bbox 318 1855 1115 1929; baseline 0.003 -19"><span class='ocrx_word' id='word_1_121' title='bbox 318 1866 396 1926; x_wconf 80' lang='lat' dir='ltr'><strong><em>atque</em></strong></span> <span class='ocrx_word' id='word_1_122' title='bbox 408 1861 506 1926; x_wconf 71' lang='lat' dir='ltr'><strong><em>[amam</em></strong></span> <span class='ocrx_word' id='word_1_123' title='bbox 519 1859 630 1910; x_wconf 86' lang='lat' dir='ltr'><strong><em>nominis</em></strong></span> <span class='ocrx_word' id='word_1_124' title='bbox 641 1859 692 1909; x_wconf 88' lang='lat' dir='ltr'><strong><em>mei</em></strong></span> <span class='ocrx_word' id='word_1_125' title='bbox 707 1864 905 1924; x_wconf 80' lang='lat' dir='ltr'><strong><em>prosequantur.</em></strong></span> <span class='ocrx_word' id='word_1_126' title='bbox 944 1855 1115 1929; x_wconf 81' lang='lat' dir='ltr'><strong><em>Perstititque</em></strong></span> 
     </span>
     <span class='ocr_line' id='line_1_20' title="bbox 318 1929 1113 2002; baseline 0.009 -19"><span class='ocrx_word' id='word_1_127' title='bbox 318 1929 429 2002; x_wconf 81' lang='lat' dir='ltr'><strong><em>posthae</em></strong></span> <span class='ocrx_word' id='word_1_128' title='bbox 437 1930 544 1984; x_wconf 85' lang='lat' dir='ltr'><strong><em>secretis</em></strong></span> <span class='ocrx_word' id='word_1_129' title='bbox 554 1931 632 1984; x_wconf 87' lang='lat' dir='ltr'><strong><em>etiam</em></strong></span> <span class='ocrx_word' id='word_1_130' title='bbox 642 1929 809 1984; x_wconf 82' lang='lat' dir='ltr'><strong><em>sermonibus</em></strong></span> <span class='ocrx_word' id='word_1_131' title='bbox 819 1929 1059 2000; x_wconf 79' lang='lat' dir='ltr'><strong><em>adspernaritelem</em></strong></span> <span class='ocrx_word' id='word_1_132' title='bbox 1069 1933 1113 1990; x_wconf 85' lang='lat' dir='ltr'><strong><em>sui</em></strong></span> 
     </span>
     <span class='ocr_line' id='line_1_21' title="bbox 319 2003 1112 2077; baseline 0.003 -18"><span class='ocrx_word' id='word_1_133' title='bbox 319 2003 432 2059; x_wconf 82' lang='lat' dir='ltr'><strong><em>cultum.</em></strong></span> <span class='ocrx_word' id='word_1_134' title='bbox 470 2003 548 2070; x_wconf 83' lang='lat' dir='ltr'><strong><em>Quod</em></strong></span> <span class='ocrx_word' id='word_1_135' title='bbox 555 2003 603 2058; x_wconf 82' lang='lat' dir='ltr'><strong><em>elii</em></strong></span> <span class='ocrx_word' id='word_1_136' title='bbox 612 2003 782 2070; x_wconf 82' lang='lat' dir='ltr'><strong><em>modestiam,</em></strong></span> <span class='ocrx_word' id='word_1_137' title='bbox 793 2003 886 2070; x_wconf 89' lang='lat' dir='ltr'><strong><em>multi,</em></strong></span> <span class='ocrx_word' id='word_1_138' title='bbox 897 2005 961 2077; x_wconf 85' lang='lat' dir='ltr'><strong><em>quia</em></strong></span> <span class='ocrx_word' id='word_1_139' title='bbox 970 2003 1112 2074; x_wconf 77' lang='lat' dir='ltr'><strong><em>diffideret,</em></strong></span> 
     </span>
     <span class='ocr_line' id='line_1_22' title="bbox 318 2077 1114 2151; baseline 0.005 -19"><span class='ocrx_word' id='word_1_140' title='bbox 318 2077 440 2150; x_wconf 82' lang='lat' dir='ltr'><strong><em>quidem,</em></strong></span> <span class='ocrx_word' id='word_1_141' title='bbox 451 2085 481 2132; x_wconf 80' lang='lat' dir='ltr'><strong><em>ut</em></strong></span> <span class='ocrx_word' id='word_1_142' title='bbox 490 2077 627 2151; x_wconf 80' lang='lat' dir='ltr'><strong><em>degeneris</em></strong></span> <span class='ocrx_word' id='word_1_143' title='bbox 637 2079 730 2146; x_wconf 84' lang='lat' dir='ltr'><strong><em>enimi,</em></strong></span> <span class='ocrx_word' id='word_1_144' title='bbox 742 2079 989 2151; x_wconf 73' lang='lat' dir='ltr'><strong><em>interpretabantur.</em></strong></span> <span class='ocrx_word' id='word_1_145' title='bbox 1030 2080 1114 2149; x_wconf 89' lang='lat' dir='ltr'><strong><em>Optu-</em></strong></span> 
     </span>
     <span class='ocr_line' id='line_1_23' title="bbox 318 2153 1115 2222; baseline 0.004 -14"><span class='ocrx_word' id='word_1_146' title='bbox 318 2157 475 2222; x_wconf 80' lang='lat' dir='ltr'><strong><em>masquippe</em></strong></span> <span class='ocrx_word' id='word_1_147' title='bbox 483 2156 632 2208; x_wconf 86' lang='lat' dir='ltr'><strong><em>mortalium</em></strong></span> <span class='ocrx_word' id='word_1_148' title='bbox 640 2157 769 2209; x_wconf 84' lang='lat' dir='ltr'><strong><em>altissima</em></strong></span> <span class='ocrx_word' id='word_1_149' title='bbox 783 2171 883 2222; x_wconf 81' lang='lat' dir='ltr'><strong><em>cupere.</em></strong></span> <span class='ocrx_word' id='word_1_150' title='bbox 902 2187 905 2196; x_wconf 85' lang='lat'><strong>·</strong></span> <span class='ocrx_word' id='word_1_151' title='bbox 921 2153 1115 2210; x_wconf 79' lang='lat' dir='ltr'><strong><em>Sialleraulem</em></strong></span> 
     </span>
    </p>
   </div>
   <div class='ocr_carea' id='block_1_4' title="bbox 317 2227 1117 2820">
    <p class='ocr_par' dir='ltr' id='par_1_5' title="bbox 317 2227 1117 2594">
     <span class='ocr_line' id='line_1_24' title="bbox 318 2227 1115 2299; baseline 0.003 -17"><span class='ocrx_word' id='word_1_152' title='bbox 318 2236 344 2282; x_wconf 89' lang='lat' dir='ltr'><strong><em>et</em></strong></span> <span class='ocrx_word' id='word_1_153' title='bbox 356 2227 477 2282; x_wconf 82' lang='lat' dir='ltr'><strong><em>Liberum</em></strong></span> <span class='ocrx_word' id='word_1_154' title='bbox 488 2231 560 2296; x_wconf 80' lang='lat' dir='ltr'><strong><em>apud</em></strong></span> <span class='ocrx_word' id='word_1_155' title='bbox 575 2228 700 2293; x_wconf 84' lang='lat' dir='ltr'><strong><em>Graecos,</em></strong></span> <span class='ocrx_word' id='word_1_156' title='bbox 723 2228 860 2293; x_wconf 81' lang='lat' dir='ltr'><strong><em>Quirinum</em></strong></span> <span class='ocrx_word' id='word_1_157' title='bbox 872 2233 943 2299; x_wconf 81' lang='lat' dir='ltr'><strong><em>apud</em></strong></span> <span class='ocrx_word' id='word_1_158' title='bbox 958 2245 1018 2294; x_wconf 81' lang='lat' dir='ltr'><strong><em>nos,</em></strong></span> <span class='ocrx_word' id='word_1_159' title='bbox 1039 2234 1115 2285; x_wconf 84' lang='lat' dir='ltr'><strong><em>deum</em></strong></span> 
     </span>
     <span class='ocr_line' id='line_1_25' title="bbox 318 2303 1113 2372; baseline 0.004 -15"><span class='ocrx_word' id='word_1_160' title='bbox 318 2318 425 2357; x_wconf 85' lang='lat' dir='ltr'><strong><em>numero</em></strong></span> <span class='ocrx_word' id='word_1_161' title='bbox 448 2305 560 2356; x_wconf 79' lang='lat' dir='ltr'><strong><em>additos.</em></strong></span> <span class='ocrx_word' id='word_1_162' title='bbox 588 2303 693 2359; x_wconf 80' lang='lat' dir='ltr'><strong><em>&#39;Melius</em></strong></span> <span class='ocrx_word' id='word_1_163' title='bbox 715 2303 869 2371; x_wconf 78' lang='lat' dir='ltr'><strong><em>Aupustum,</em></strong></span> <span class='ocrx_word' id='word_1_164' title='bbox 894 2308 940 2372; x_wconf 81' lang='lat' dir='ltr'><strong><em>qui</em></strong></span> <span class='ocrx_word' id='word_1_165' title='bbox 960 2311 1113 2372; x_wconf 81' lang='lat' dir='ltr'><strong><em>sperauerit</em></strong></span> 
     </span>
     <span class='ocr_line' id='line_1_26' title="bbox 322 2375 1117 2443; baseline 0.006 -13"><span class='ocrx_word' id='word_1_166' title='bbox 322 2375 412 2431; x_wconf 80' lang='lat' dir='ltr'><strong><em>Cetera</em></strong></span> <span class='ocrx_word' id='word_1_167' title='bbox 426 2379 589 2443; x_wconf 77' lang='lat' dir='ltr'><strong><em>principibus</em></strong></span> <span class='ocrx_word' id='word_1_168' title='bbox 607 2380 696 2430; x_wconf 85' lang='lat' dir='ltr'><strong><em>statim</em></strong></span> <span class='ocrx_word' id='word_1_169' title='bbox 712 2380 814 2432; x_wconf 85' lang='lat' dir='ltr'><strong><em>adesse:</em></strong></span> <span class='ocrx_word' id='word_1_170' title='bbox 833 2395 912 2433; x_wconf 87' lang='lat' dir='ltr'><strong><em>unum</em></strong></span> <span class='ocrx_word' id='word_1_171' title='bbox 930 2381 1117 2435; x_wconf 82' lang='lat' dir='ltr'><strong><em>insatiabiliter·</em></strong></span> 
     </span>
     <span class='ocr_line' id='line_1_27' title="bbox 318 2452 1115 2522; baseline 0.006 -19"><span class='ocrx_word' id='word_1_172' title='bbox 318 2453 852 2518; x_wconf 76' lang='lat' dir='ltr'><strong><em>parandumprasperamsuimemorium.</em></strong></span> <span class='ocrx_word' id='word_1_173' title='bbox 889 2452 959 2508; x_wconf 86' lang='lat' dir='ltr'><strong><em>Nam</em></strong></span> <span class='ocrx_word' id='word_1_174' title='bbox 967 2463 1115 2522; x_wconf 81' lang='lat' dir='ltr'><strong><em>contemptu</em></strong></span> 
     </span>
     <span class='ocr_line' id='line_1_28' title="bbox 317 2527 987 2594; baseline 0.001 -16"><span class='ocrx_word' id='word_1_175' title='bbox 317 2530 404 2594; x_wconf 74' lang='lat' dir='ltr'><strong><em>famae</em></strong></span> <span class='ocrx_word' id='word_1_176' title='bbox 414 2527 538 2578; x_wconf 82' lang='lat' dir='ltr'><strong><em>contemni</em></strong></span> <span class='ocrx_word' id='word_1_177' title='bbox 545 2527 664 2579; x_wconf 87' lang='lat' dir='ltr'><strong><em>uirtutes.</em></strong></span> <span class='ocrx_word' id='word_1_178' title='bbox 967 2575 970 2580; x_wconf 85' lang='lat'><em>.</em></span> <span class='ocrx_word' id='word_1_179' title='bbox 986 2569 987 2572; x_wconf 15' lang='grc' dir='ltr'>η</span> 
     </span>
    </p>

    <p class='ocr_par' dir='ltr' id='par_1_6' title="bbox 317 2595 1115 2820">
     <span class='ocr_line' id='line_1_29' title="bbox 375 2595 1115 2664; baseline 0.005 -10"><span class='ocrx_word' id='word_1_180' title='bbox 375 2600 417 2654; x_wconf 83' lang='grc'><strong><em>39.</em></strong></span> <span class='ocrx_word' id='word_1_181' title='bbox 436 2597 472 2653; x_wconf 75' lang='lat' dir='ltr'><strong><em>At</em></strong></span> <span class='ocrx_word' id='word_1_182' title='bbox 484 2595 609 2664; x_wconf 83' lang='lat' dir='ltr'><strong><em>Seianus,</em></strong></span> <span class='ocrx_word' id='word_1_183' title='bbox 628 2597 713 2652; x_wconf 84' lang='lat' dir='ltr'><strong><em>nimia</em></strong></span> <span class='ocrx_word' id='word_1_184' title='bbox 729 2596 834 2654; x_wconf 84' lang='lat' dir='ltr'><strong><em>fortune</em></strong></span> <span class='ocrx_word' id='word_1_185' title='bbox 847 2616 936 2658; x_wconf 86' lang='lat' dir='ltr'><strong><em>sooore</em></strong></span> <span class='ocrx_word' id='word_1_186' title='bbox 949 2607 976 2656; x_wconf 90' lang='lat' dir='ltr'><strong><em>et</em></strong></span> <span class='ocrx_word' id='word_1_187' title='bbox 987 2599 1115 2658; x_wconf 85' lang='lat' dir='ltr'><strong><em>muliebri</em></strong></span> 
     </span>
     <span class='ocr_line' id='line_1_30' title="bbox 317 2671 1114 2745; baseline 0.006 -17"><span class='ocrx_word' id='word_1_188' title='bbox 317 2674 430 2744; x_wconf 85' lang='lat' dir='ltr'><strong><em>insuper</em></strong></span> <span class='ocrx_word' id='word_1_189' title='bbox 442 2671 568 2745; x_wconf 85' lang='lat' dir='ltr'><strong><em>cupidine</em></strong></span> <span class='ocrx_word' id='word_1_190' title='bbox 581 2673 720 2739; x_wconf 84' lang='lat' dir='ltr'><strong><em>incensus,</em></strong></span> <span class='ocrx_word' id='word_1_191' title='bbox 735 2673 898 2745; x_wconf 86' lang='lat' dir='ltr'><strong><em>promissum</em></strong></span> <span class='ocrx_word' id='word_1_192' title='bbox 913 2675 1114 2732; x_wconf 81' lang='lat' dir='ltr'><strong><em>matrim0nium</em></strong></span> 
     </span>
     <span class='ocr_line' id='line_1_31' title="bbox 318 2744 1115 2820; baseline 0.01 -20"><span class='ocrx_word' id='word_1_193' title='bbox 318 2744 545 2819; x_wconf 80' lang='lat' dir='ltr'><strong><em>flagitenteLivia‚</em></strong></span> <span class='ocrx_word' id='word_1_194' title='bbox 557 2747 880 2820; x_wconf 82' lang='lat' dir='ltr'><strong><em>oomponitstaesarem</em></strong></span> <span class='ocrx_word' id='word_1_195' title='bbox 889 2749 1033 2808; x_wconf 81' lang='lat' dir='ltr'><strong><em>oodiaillos.</em></strong></span> <span class='ocrx_word' id='word_1_196' title='bbox 1058 2753 1115 2808; x_wconf 84' lang='lat' dir='ltr'><strong><em>Mo-</em></strong></span> 
     </span>
    </p>
   </div>
   <div class='ocr_carea' id='block_1_5' title="bbox 215 2821 1116 2900">
    <p class='ocr_par' dir='ltr' id='par_1_7' title="bbox 215 2821 1116 2900">
     <span class='ocr_line' id='line_1_32' title="bbox 215 2821 1116 2900; baseline 0.01 -27"><span class='ocrx_word' id='word_1_197' title='bbox 215 2840 219 2845; x_wconf 95' lang='lat'>·</span> <span class='ocrx_word' id='word_1_198' title='bbox 318 2821 357 2874; x_wconf 88' lang='lat' dir='ltr'><strong><em>ris</em></strong></span> <span class='ocrx_word' id='word_1_199' title='bbox 371 2822 472 2894; x_wconf 87' lang='lat' dir='ltr'><strong><em>quippe</em></strong></span> <span class='ocrx_word' id='word_1_200' title='bbox 486 2828 544 2876; x_wconf 84' lang='lat' dir='ltr'><strong><em>tum</em></strong></span> <span class='ocrx_word' id='word_1_201' title='bbox 558 2830 625 2883; x_wconf 80' lang='lat' dir='ltr'><strong><em>eret,</em></strong></span> <span class='ocrx_word' id='word_1_202' title='bbox 640 2839 805 2897; x_wconf 81' lang='lat' dir='ltr'><strong><em>quemquam</em></strong></span> <span class='ocrx_word' id='word_1_203' title='bbox 817 2833 997 2895; x_wconf 80' lang='lat' dir='ltr'><strong><em>praesentem,</em></strong></span> <span class='ocrx_word' id='word_1_204' title='bbox 1016 2829 1116 2900; x_wconf 84' lang='lat' dir='ltr'><strong><em>scripto</em></strong></span> 
     </span>
    </p>
   </div>
   <div class='ocr_carea' id='block_1_6' title="bbox 319 2893 1115 3040">
    <p class='ocr_par' dir='ltr' id='par_1_8' title="bbox 319 2893 1115 3040">
     <span class='ocr_line' id='line_1_33' title="bbox 319 2893 1115 2970; baseline 0.011 -21"><span class='ocrx_word' id='word_1_205' title='bbox 319 2893 400 2950; x_wconf 78' lang='lat' dir='ltr'><strong><em>edire</em></strong></span> <span class='ocrx_word' id='word_1_206' title='bbox 436 2896 503 2950; x_wconf 86' lang='lat' dir='ltr'><strong><em>Eius</em></strong></span> <span class='ocrx_word' id='word_1_207' title='bbox 517 2895 577 2953; x_wconf 83' lang='lat' dir='ltr'><strong><em>talis</em></strong></span> <span class='ocrx_word' id='word_1_208' title='bbox 590 2895 673 2952; x_wconf 82' lang='lat' dir='ltr'><strong><em>forms</em></strong></span> <span class='ocrx_word' id='word_1_209' title='bbox 688 2896 750 2953; x_wconf 84' lang='lat' dir='ltr'><strong><em>luit:</em></strong></span> <span class='ocrx_word' id='word_1_210' title='bbox 770 2899 950 2956; x_wconf 81' lang='lat' dir='ltr'><strong><em>Benevolentia</em></strong></span> <span class='ocrx_word' id='word_1_211' title='bbox 959 2906 1049 2970; x_wconf 83' lang='lat' dir='ltr'><strong><em>patris</em></strong></span> <span class='ocrx_word' id='word_1_212' title='bbox 1060 2904 1115 2960; x_wconf 78' lang='lat' dir='ltr'><strong><em>Au·</em></strong></span> 
     </span>
     <span class='ocr_line' id='line_1_34' title="bbox 319 2973 1114 3040; baseline -0.001 -10"><span class='ocrx_word' id='word_1_213' title='bbox 319 2975 390 3038; x_wconf 71' lang='lat' dir='ltr'><strong><em>auiti</em></strong></span> <span class='ocrx_word' id='word_1_214' title='bbox 401 2979 426 3026; x_wconf 89' lang='lat' dir='ltr'><strong><em>et</em></strong></span> <span class='ocrx_word' id='word_1_215' title='bbox 438 2988 500 3026; x_wconf 83' lang='lat' dir='ltr'><strong><em>moa</em></strong></span> <span class='ocrx_word' id='word_1_216' title='bbox 510 2975 633 3040; x_wconf 84' lang='lat' dir='ltr'><strong><em>plurimis</em></strong></span> <span class='ocrx_word' id='word_1_217' title='bbox 644 2973 740 3028; x_wconf 81' lang='lat' dir='ltr'><strong><em>Tiberii</em></strong></span> <span class='ocrx_word' id='word_1_218' title='bbox 753 2975 857 3030; x_wconf 76' lang='lat' dir='ltr'><strong><em>iudiciis</em></strong></span> <span class='ocrx_word' id='word_1_219' title='bbox 871 2978 910 3030; x_wconf 85' lang='lat' dir='ltr'><strong><em>ita</em></strong></span> <span class='ocrx_word' id='word_1_220' title='bbox 919 2979 1071 3040; x_wconf 81' lang='lat' dir='ltr'><strong><em>insuevisse,</em></strong></span> <span class='ocrx_word' id='word_1_221' title='bbox 1086 2984 1114 3032; x_wconf 87' lang='lat' dir='ltr'><strong><em>ul</em></strong></span> 
     </span>
    </p>
   </div>
   <div class='ocr_carea' id='block_1_7' title="bbox 0 0 1294 3734">
    <p class='ocr_par' dir='ltr' id='par_1_9' title="bbox 0 0 1294 3734">
     <span class='ocr_line' id='line_1_35' title="bbox 0 0 1294 3734; baseline 0 0"><span class='ocrx_word' id='word_1_222' title='bbox 0 0 1294 3734; x_wconf 95' lang='lat' dir='ltr'><strong><em> </em></strong></span> 
     </span>
    </p>
   </div>
  </div>
 </body>
</html>
