2575 3734
661 379 684 404 .

276 444 293 496 o
556 447 796 498 suuauruu
941 436 1075 512 (arser.

329 549 355 604 8.
376 545 452 604 ituit
459 548 548 620 primo
556 555 666 604 senatus
675 547 720 604 dis
728 546 773 621 agi
786 561 898 619 puetis,
913 545 969 604 nisi
981 545 1016 602 de
1028 565 1079 602 eu-

274 622 375 694 premis
383 620 514 697 dugusti:
530 623 609 678 cuius
620 628 822 687 tastamentum,
836 619 950 676 inlatum
960 637 1008 693 per
1020 621 1080 678 vir-

294 698 351 757 'nes
369 697 479 762 Vestae,
505 696 645 753 Tiberium
667 703 694 752 et
711 695 816 754 Liviam
839 694 951 752 heredes
969 695 1077 754 habuit.

272 714 352 828 livia
360 771 389 827 in
400 770 530 828 familiam
539 770 635 826 Iuliam
644 787 797 842 nomenque
805 767 941 844 Augustae
950 769 1080 826 adsume-

275 845 366 902 batur:
382 846 412 900 in
421 861 499 918 spem
508 845 654 902 secundam
664 852 772 917 nepotes
781 851 1005 916 pronepotesque:
1022 851 1081 900 ter-

274 921 311 976 tio
318 919 405 993 gradu
414 920 545 991 primores
554 920 670 977 civitatis
680 920 836 992 scripserat,
849 917 993 990 plerusque
1003 919 1081 974 invi-

274 1012 318 1050 sos
331 993 399 1059 sibi,
413 994 463 1048 sed
475 993 598 1050 iactantia
610 993 750 1068 gloriaque
763 992 797 1048 ad
810 1000 938 1064 posteros.
978 993 1080 1066 Legata

274 1085 328 1124 non
341 1066 410 1123 ultra
422 1067 532 1129 civilem
544 1067 671 1134 modum,
691 1067 745 1124 nisi
763 1067 837 1140 quod
853 1065 953 1139 populo
965 1074 991 1122 et
1001 1067 1079 1139 plebi

274 1141 493 1214 quadringenties
500 1143 592 1198 tricies
600 1143 762 1215 quinquies,
776 1143 968 1213 praetoriarum
982 1142 1079 1197 eohor-

273 1217 343 1273 tium
361 1215 495 1272 militibus
515 1217 622 1291 singula
641 1219 786 1272 nummum
804 1215 903 1282 millia,
922 1215 1079 1290 legionariis

273 1299 407 1357 trecenos,
431 1290 585 1347 cohortibus
602 1292 706 1348 civium
724 1291 905 1348 Romanorum
924 1291 1079 1366 quingenos

275 1382 401 1421 nummos
412 1365 515 1422 viritim
527 1366 610 1422 dedit
650 1367 719 1422 Tum
733 1364 912 1423 consultatum
924 1363 958 1420 de
966 1365 1079 1422 bonori-

274 1439 340 1508 bus;
351 1456 385 1496 ex
394 1443 458 1512 quis
465 1440 583 1497 maxime
591 1442 712 1514 insignes
721 1440 789 1496 visi:
798 1448 828 1494 et
833 1449 914 1508 porte
922 1443 1079 1509 triumphale·

273 1518 512 1584 dememrtauue,
525 1514 620 1571 Gallus
629 1515 755 1583 Asinius,
770 1522 800 1568 et
813 1517 897 1583 iopam
911 1515 1026 1570 lotorum
1041 1519 1079 1570 a·-

275 1591 335 1654 tule‘,
342 1593 473 1644 steteram
482 1592 515 1644 ab
524 1606 554 1644 eo
565 1594 680 1658 gentium
688 1591 815 1644 uocabulo
825 1593 1031 1660 antefer-rentur,
1041 1589 1074 1644 l..

272 1663 419 1719 Arruntius
431 1679 570 1720 censuere:
588 1662 700 1718 addebat
712 1661 835 1720 Messalla
844 1661 980 1729 Valerius,
997 1681 1078 1720 reus

272 1742 388 1795 eoadem
400 1756 450 1808 per
461 1755 545 1794 aanor
556 1747 749 1794 sacromentum
762 1743 790 1792 to
804 1755 895 1793 nomm
906 1739 1017 1794 Tiberii:
1032 1738 1078 1794 in-

273 1821 474 1888 terrogatusque
483 1831 499 1869 a
508 1812 623 1880 Tiberio,
633 1830 702 1870 num
712 1829 740 1870 ee
749 1811 891 1868 mandante
900 1829 959 1868 mm
968 1819 1078 1870 senten-

273 1889 339 1944 tiam
346 1887 540 1960 pompsssett
555 1898 646 1959 sponte
660 1892 773 1955 amase,
788 1886 936 1960 respondit,
957 1893 1078 1956 aequetis

273 1967 316 2026 ta,
328 1979 395 2031 qaue
403 1967 439 2018 ed
447 1967 643 2032 rempublicam
650 1969 817 2034 pertinerent,
829 1965 945 2026 consilio,
956 1966 1008 2018 cisi
1016 1979 1073 2026 eac,

272 2053 396 2099 uturum,
414 2039 456 2090 etl
469 2053 528 2092 oum
537 2042 657 2105 parsu
670 2043 835 2111 offersionis:
854 2055 885 2094 ea
898 2035 953 2096 sola
972 2038 1075 2110 speeies

274 2109 401 2166 adulandi
418 2118 564 2182 supererat.
604 2111 776 2170 Conclamant
794 2113 899 2178 Patres,
923 2129 1016 2182 empse
1037 2117 1077 2166 ed

272 2200 365 2254 repam
377 2187 492 2240 bamma
508 2193 658 2241 aenatorum
675 2191 816 2256 samem.
853 2186 967 2242 Remisit
979 2185 1076 2242 Caesar

274 2258 411 2332 adrogami
420 2258 610 2327 moderatione;
621 2259 809 2331 populumque
818 2259 903 2316 edicto
911 2260 1025 2327 monuit,
1032 2279 1074 2326 rte,

273 2343 303 2389 ut
312 2337 442 2403 quendem
452 2337 643 2390 aimiieetedt't'e
650 2340 731 2404 [ettae
739 2338 795 2388 diei
803 2334 867 2390 letti·
876 2339 1077 2400 torbessem,ite

273 2408 418 2477 decertum
432 2412 461 2463 tu
471 2413 530 2478 toro
544 2412 633 2477 potine
648 2412 768 2478 quomis
785 2425 876 2478 compo
887 2409 997 2475 Martie,
1016 2413 1076 2464 sede

273 2486 418 2547 destincte,
434 2487 547 2538 memori
558 2485 660 2538 cattam
698 2482 747 2538 Die
763 2481 866 2540 tunnis
883 2482 983 2538 milites
1001 2481 1077 2540 velut

273 2556 406 2629 praesidio
415 2563 523 2623 stetere,
537 2554 655 2612 multum
664 2556 858 2626 inridentibus,
873 2557 923 2630 qui
935 2556 989 2629 ipsi
999 2556 1076 2614 ride-

273 2638 347 2698 rent,
358 2631 462 2704 quique
472 2631 653 2703 aparentibus
662 2640 815 2704 acceperant
827 2631 899 2688 diem
909 2630 989 2688 illum
998 2631 1075 2688 crudi

273 2705 362 2762 adbuc
375 2706 479 2762 servitii
492 2714 518 2762 et
530 2706 658 2764 libertatis
674 2706 840 2780 improspere
858 2707 997 2778 repetitae,
1011 2722 1075 2760 eum

273 2781 379 2836 occisus
388 2780 498 2838 dicum
507 2782 604 2840 Caesar
612 2781 674 2841 eliis
684 2782 845 2856 pessimum,
857 2780 917 2838 aliis
925 2779 1076 2852 pulcherri-

274 2873 351 2912 mum
361 2854 622 2915 facinusvidereturt
642 2875 716 2922 nuuc
724 2874 816 2914 mnam
826 2857 985 2930 prinoipem,
996 2853 1076 2929 longa

276 2932 404 3004 munda,
427 2932 544 3004 provisis
562 2933 642 2988 etiam
663 2931 791 2990 heredum
813 2932 841 2990 in
862 2929 1075 3005 rempublicam
