2575 3734
191 487 319 561 aaut.)
403 496 482 541 urs.
502 494 562 542 xv.
581 494 673 542 cnr.
694 496 783 542 a—e.
945 492 989 545 eet

190 599 335 655 Armeniae
341 568 454 665 terium
473 600 520 666 qui
529 600 621 651 tertlue
627 600 758 664 potentiae
766 600 865 666 aradae
873 598 996 654 labetur:

191 690 258 729 nam
270 672 362 730 lleelae
374 668 489 726 Paeonas
499 678 561 726 ante
573 679 685 739 eeperat.
726 672 893 741 Venetaeque,
903 683 997 729 eontra

191 757 284 804 aetern
292 748 476 818 suammodla
485 750 510 801 et
519 750 672 810 certamina,
679 748 997 817 [amillaenaetrael'ena-

194 832 234 878 tea
242 825 295 877 rite
305 826 483 891 composuisse.
504 820 641 876 Prohibent
650 820 768 886 Romani,
779 829 804 876 et
809 838 910 890 panem,
921 839 998 877 num-

194 914 277 1027 3333
286 912 481 1040 33333333
490 896 998 1042 333333333333333333

194 1048 331 1115 ιαπριιίπο,
347 1062 441 1101 eaueea
452 1061 531 1115 quam
543 1048 634 1109 armis,
643 1049 756 1101 retinere
764 1054 845 1115 parta
854 1050 998 1102 mataritae

194 1122 349 1175 malueram.
386 1119 418 1176 Sl
438 1123 600 1175 cunctatione
618 1122 725 1189 deliqui,
745 1124 841 1175 motute
858 1124 996 1190 rumpam.

199 1196 291 1251 Vestra
306 1198 408 1265 quidem
421 1198 462 1249 uie
474 1202 499 1249 et
506 1196 594 1264 pieria
603 1196 631 1248 in
641 1198 741 1264 intepra
750 1204 796 1259 eet,
806 1199 899 1251 addita
910 1201 998 1250 maule-

194 1274 264 1325 ettae
280 1274 368 1341 [amar
391 1286 458 1339 quae
475 1284 558 1339 neque
570 1275 678 1327 summit
689 1272 838 1324 mortalium
852 1275 997 1340 epmnerraa

196 1353 244 1409 eet,
259 1352 284 1399 et
296 1362 314 1399 a
327 1348 379 1399 diis
387 1348 549 1399 aestimatur.
586 1341 674 1399 SImul
683 1342 830 1399 diademate
839 1353 919 1417 ceput
927 1345 998 1400 Tiri-

196 1419 267 1475 datis
276 1418 391 1487 evinxit3
402 1425 553 1491 promptam
563 1416 685 1491 equitum
694 1434 816 1484 manum,
866 1435 897 1474 ae
906 1437 997 1494 regem

197 1512 233 1550 ex
241 1510 315 1550 more
324 1501 448 1557 sectatur,
459 1492 572 1558 Monesi,
583 1491 667 1549 nobili
677 1493 744 1559 viro,
756 1435 872 1559 nuntii,
889 1494 997 1549 adiectis

197 1568 396 1625 Adiabenorum
406 1567 530 1623 auxiliis:
551 1566 751 1641 mandavitque,
760 1568 893 1643 Tigranen
902 1567 998 1624 Arme-

198 1644 245 1699 nia
263 1644 407 1710 exturbari,
427 1643 493 1699 dum
513 1644 581 1718 ipse,
601 1643 696 1717 positis
715 1642 843 1699 adversus
862 1642 998 1717 Hyrcanos

199 1718 349 1786 discordiis,
365 1719 437 1775 vires
447 1719 556 1774 intimes
573 1717 727 1791 molemque
739 1716 803 1773 belli
817 1718 876 1783 ciet,
888 1719 999 1791 provin-

198 1794 249 1851 ciis
257 1795 385 1850 Romanis
394 1793 532 1852 minitans.

254 1874 281 1926 3.
301 1866 375 1935 Quae
389 1869 438 1925 ubi
452 1866 595 1925 Corbuloni
615 1868 695 1923 certis
708 1866 811 1924 nuntiis
824 1864 914 1923 audita
923 1875 996 1933 sunt,

198 1944 319 2019 legiones
337 1944 404 1999 duas
422 1960 486 1999 eum
499 1942 633 1999 Verulano
646 1941 744 1999 &vero
763 1950 789 1999 et
802 1940 888 1999 Vettio
900 1940 998 1998 Bolum

200 2018 354 2074 subsidium
367 2018 476 2095 Tigmni
491 2018 581 2085 mittit,
596 2016 698 2074 aaaulta
709 2025 858 2091 praeaepto,
873 2023 999 2086 composi-

201 2100 253 2149 tiue
262 2103 363 2158 mnata,
375 2112 453 2164 quam
461 2098 635 2164 festinantiae,
647 2101 760 2163 aperent.
779 2090 886 2164 Quippe
896 2091 997 2147 bellum

199 2169 307 2235 hebere,
318 2186 400 2243 quam
410 2185 511 2244 gerere,
522 2167 646 2224 malebat.
669 2166 870 2240 Scripsemtque
880 2166 996 2233 Caeseti,

196 2248 306 2315 proptia
320 2249 385 2299 uiuae
397 2262 461 2315 apae
473 2260 534 2307 eene,
549 2244 595 2313 qul
607 2242 757 2298 Armeniam
768 2246 927 2315 defenderet:
946 2242 998 2312 Su-

199 2324 277 2385 mam,
299 2324 436 2389 inprumte
457 2318 582 2387 Volopeee,
603 2321 707 2373 uariare
726 2320 754 2371 ln
768 2320 918 2374 aisammine
935 2334 996 2372 esee.

199 2393 288 2467 Atque
300 2394 408 2449 interim
421 2392 539 2465 reliquae
553 2390 670 2467 legiones
680 2408 728 2465 pro
737 2392 795 2463 ripa
804 2391 949 2466 Euphratis
959 2391 999 2445 lo-

200 2477 255 2525 cat:
275 2468 478 2525 tumultuariam
491 2466 697 2540 provincialium
709 2483 821 2522 menum
830 2476 928 2523 umet:
949 2467 998 2521 ho-

199 2538 274 2600 stiles
285 2545 423 2618 ingressus
432 2542 573 2614 praesidiis
582 2540 724 2614 intercipit.

256 2620 281 2675 l.
301 2618 345 2683 Et,
356 2619 420 2691 quia
431 2633 514 2691 egena
524 2632 656 2691 aquarum
666 2616 740 2691 regia
748 2622 797 2681 est,
804 2613 909 2670 eastella
919 2612 999 2668 lanu-

200 2695 252 2749 bus
264 2694 394 2765 inposita:
414 2692 545 2765 quasdam
560 2692 633 2746 rivos
646 2698 774 2766 eongestu
783 2704 877 2745 menae
885 2687 996 2743 abdidit.

200 2768 239 2825 Ει
248 2768 314 2825 dum
328 2765 503 2825 aCorbulono
515 2764 628 2821 tuendae
639 2764 732 2840 Syriae
739 2770 877 2837 parantur,
890 2772 947 2819 eata
955 2780 999 2819 ra-

201 2844 269 2917 ptim
278 2843 386 2919 agmine
394 2842 526 2907 Monesen,
540 2848 571 2895 ut
581 2838 679 2897 lamam
689 2840 733 2895 sni
742 2837 865 2913 praeiret,
876 2855 929 2895 non
939 2838 999 2894 ideo

202 2918 322 2974 nescium
336 2925 381 2974 aut
395 2918 534 2973 incentum
544 2916 677 2991 Tigranen
690 2912 807 2970 offendit.
845 2910 999 2986 Ooeupave-

202 3002 242 3050 rat
251 2992 444 3070 Tigrauaaerta,
455 2992 551 3049 urbem
561 2992 636 3065 oopie
648 2988 816 3064 defensorum
826 2996 854 3045 et
864 2990 999 3063 magnitu-
