2575 3734
206 457 333 534 near.)
386 469 487 515 aru.
508 471 557 518 v1.
577 471 812 522 canas-as.
962 471 1008 530 tte

206 569 264 626 tius
273 567 481 626 demonstranda
490 577 545 628 est:
557 570 817 646 quippedemilium
858 575 1014 634 nosiacus-

148 669 150 672 ·
207 643 275 699 dum
290 643 424 701 bonorum
433 643 546 710 civium,
560 654 585 701 et
594 646 643 718 qul
653 645 771 703 eademi
814 649 1013 724 ‘incorruptis

208 718 342 784 moribus,
354 716 463 774 inlustri
474 727 562 774 tamen
572 719 677 778 fortuna
686 737 772 795 egere.

263 795 307 848 28.
328 791 423 850 Paullo
440 792 532 859 Fabio,
545 793 590 850 b.
607 793 714 851 Vitellio
731 812 801 851 coss.
822 804 884 869 post
901 796 1012 872 longum

207 865 793 941 saeculorumambitumavisphoenixina
927 875 1011 939 venit,

207 941 388 1014 praebuitque
416 943 554 997 materiem
582 941 746 1000 doctissimis
773 945 803 1001 in
824 947 962 1019 'genarum
987 956 1014 1003 et

208 1015 384 1081 Graecorum,
399 1014 484 1071 multa
497 1033 579 1089 super
592 1034 623 1074 eo
636 1017 765 1075 miraculo
777 1019 935 1077 disserenffi.
974 1023 1013 1078 De

197 1090 312 1162 quibua
327 1098 488 1163 congruunt,
504 1099 530 1146 et
542 1091 620 1163 plura
634 1093 706 1148 amb·
764 1094 947 1168 ,sedcoguitu
956 1113 1013 1152 non

206 1162 337 1231 absurda,
347 1181 470 1237 promere
480 1163 554 1222 libet.
590 1165 702 1222 Sacrum
746 1167 766 1222 li
775 1168 803 1223 id
812 1167 920 1234 animal,
932 1177 1013 1227 etore

206 1256 240 1294 ac
252 1239 382 1296 distinctu
395 1240 541 1311 pinnarum
554 1241 673 1296 aeeteris
682 1242 778 1298 auibus
788 1242 936 1311 diversum,
947 1262 1012 1301 oon·

205 1315 339 1380 sentiunt,
349 1315 399 1387 qui
408 1313 520 1370 formam
530 1315 589 1371 eius
600 1315 736 1372 definiere.
774 1317 813 1373 De
831 1335 943 1375 numero
962 1337 1012 1375 an-

206 1406 307 1445 norum
322 1389 397 1444 varia
407 1388 556 1445 traduntur.
595 1389 712 1446 Maxime
723 1389 863 1466 vulgatum
877 1393 944 1465 quin
978 1412 1012 1450 n·

206 1471 298 1520 torum
309 1463 437 1535 spatium.
473 1462 551 1530 Sunt,
563 1465 611 1536 qui
622 1464 786 1532 adsererent,
796 1466 872 1522 mille
880 1411 1011 1538 quadiu-

205 1546 302 1612 gentos
312 1538 450 1611 sexaginta
459 1555 546 1595 unum
559 1539 689 1608 interiioi;
709 1542 866 1612 prioresque
877 1540 953 1597 alites
963 1541 1011 1598 Se·

205 1611 322 1668 sostride
340 1612 471 1684 primum,
490 1620 550 1684 post
568 1611 695 1669 Amaside
713 1611 928 1682 dominantibus,
947 1617 1011 1672 dein

206 1687 367 1752 Ptolemaeo,
382 1687 432 1758 qui
444 1703 478 1742 ex
486 1687 675 1744 Macedonibus
685 1689 779 1744 tertius
788 1690 919 1761 regnarit,
932 1689 962 1745 in
971 1693 1012 1746 ci-

206 1763 329 1828 vitatem,
345 1760 390 1816 cui
404 1760 547 1834 Heliopolis
560 1778 668 1828 nomen,
681 1761 857 1826 advolavisse.
872 1761 1011 1819 multoce·

206 1846 327 1892 terarum
336 1834 477 1894 voluerum
486 1837 621 1902 comitatu,
632 1853 730 1902 novam
739 1834 834 1891 inciam
841 1836 1008 1895 mirantium.

206 1909 262 1966 Sed
272 1910 417 1984 antiquitas
430 1911 541 1984 quidem
554 1911 682 1968 obscura:
702 1910 772 1965 inter
784 1908 965 1967 Ptolemaeum
979 1929 1011 1968 ac

207 1985 348 2041 Tiberium
369 1985 460 2040 minus
479 1985 585 2042 ducenti
604 1985 802 2060 quinquaginta
814 1985 878 2040 anui
890 1983 1008 2044 luerunt

207 2059 285 2116 Unde
294 2057 418 2115 nonnulli
428 2057 527 2116 laisum
536 2060 610 2116 hunc
618 2060 786 2133 phoenicem,
797 2059 1008 2132 nequeArahum

207 2135 315 2190 eternis
330 2133 479 2200 credidere,
493 2133 616 2208 nihilque
629 2136 804 2207 usurpavisse
817 2152 852 2190 ex
865 2134 925 2202 his,
940 2151 1011 2209 quae

207 2217 287 2264 vetus
306 2208 435 2264 memoria
454 2208 579 2265 firmavit.
618 2208 742 2265 Confecto
759 2209 862 2284 quippe
878 2227 1010 2267 annorum

207 2300 333 2350 numero,
353 2282 401 2339 ubi
421 2299 493 2338 mers
512 2284 682 2356 propinquet,
698 2283 757 2339 suis
770 2284 800 2339 in
814 2285 892 2340 terris
907 2290 1010 2340 audere

207 2358 317 2424 nidum,
328 2357 408 2430 eique
418 2356 473 2412 rim
483 2357 626 2430 genitalem
636 2357 791 2424 adfundere,
802 2375 836 2414 ex
845 2375 900 2431 qua
909 2359 1009 2416 foetum

206 2433 289 2500 oriri:
310 2439 336 2486 et
348 2432 464 2503 primam
479 2431 569 2488 adulto
582 2449 674 2488 curam
689 2431 834 2504 sepeliendi
844 2433 942 2504 patris:
963 2450 1011 2489 ue-

207 2523 263 2580 que
272 2506 302 2562 id
311 2505 473 2571 temere,sed
482 2505 587 2562 sublato
596 2505 1011 2581 myrrhaepondere,tentateque

206 2599 256 2654 pcr
271 2580 383 2654 longum
398 2581 458 2647 iter,
474 2581 521 2636 ubi
535 2597 585 2652 par
596 2582 681 2647 oneri,
694 2599 744 2653 par
753 2582 852 2636 meatui
863 2582 907 2648 sit,
918 2579 1011 2636 subire

206 2655 325 2729 patrium
337 2671 443 2726 corpus,
455 2655 539 2727 inque
548 2654 617 2710 Solis
627 2672 700 2710 aram
708 2653 825 2727 perferre
834 2663 914 2728 atque
922 2655 1012 2712 adole·

206 2748 246 2786 re.
270 2785 273 2790 ,
286 2730 357 2786 Haec
366 2730 464 2784 incerta
477 2738 502 2784 et
511 2727 639 2786 fabulosis
648 2738 734 2786 aucta.
773 2728 897 2785 Ceterum
908 2730 1010 2803 adspiei

207 2802 353 2876 aliquando
363 2803 391 2870 in
402 2801 522 2877 Aegypto
531 2821 590 2860 eam
599 2802 736 2862 volucrem
745 2820 799 2860 nou
812 2802 967 2879 ambigitur.

263 2881 307 2936 29.
328 2876 363 2932 At
376 2877 484 2943 Rornae,
500 2878 579 2934 caede
591 2879 726 2944 continua,
738 2877 902 2950 Pomponius
911 2880 1009 2943 Labeo,

206 2970 290 3026 quem
312 2950 459 3025 praefuisse
477 2953 593 3010 Moesiae
610 2952 701 3020 retuli,
720 2967 778 3081 pep)
787 2953 914 3082 qbruptas
928 2969 1011 3012 mnas
