2575 3734
310 471 359 534 266
584 474 822 522 nnuman
971 463 1107 538 (aanor,

365 577 407 630 35.
428 573 884 646 Obstupefeciteaalaoritasdnoem
894 573 1111 628 Romanumrsi-
1169 612 1170 631 t

310 649 367 704 mul
377 650 495 704 obiectus
506 649 604 715 amnis,
615 647 735 703 additum
746 647 858 712 vallum,
865 647 1024 714 inminentia
1033 647 1109 720 iuga,

310 723 378 778 nihil
393 724 446 779 nisi
459 733 533 780 atrox
547 731 572 778 et
583 722 827 796 propugnatoribus
836 720 973 794 frequens,
984 721 1109 776 terrebat.

309 797 362 854 Sed
374 797 452 853 miles
465 797 596 870 proelium
606 814 724 870 poscere,
737 806 831 851 cuncto
841 801 937 851 otrtuta
946 799 1112 864 capuanam-

311 876 348 928 lia
357 871 500 937 clamitare,
512 871 690 944 praefectique
699 887 730 925 ac
739 871 840 926 tribuni
852 871 928 942 paria
936 870 1110 934 disserentes,
1169 888 1170 915 1

310 946 430 1003 ardorem
449 947 580 1012 exercitus
600 945 785 1012 incendebant.
823 945 893 999 Tum
908 943 1042 1009 Ostorius,
1058 929 1124 998 cir·⁴
1169 954 1170 967 ¹

310 1021 480 1092 cumspectis,
491 1037 561 1090 quae
570 1017 782 1092 inpenetrabilia,
793 1036 917 1091 quaeque
926 1019 1028 1090 pervia,
1036 1018 1113 1073 ducit

310 1094 438 1162 intensos,
449 1111 610 1166 amnemque
619 1093 693 1148 haud
702 1093 843 1148 difficulter
853 1093 948 1149 evadit.
981 1092 1033 1156 Ubi
1044 1110 1114 1148 ven·
1169 1130 1170 1141 ,

311 1177 368 1230 tum
378 1167 412 1223 ad
420 1185 555 1241 aggerem,
566 1168 632 1224 dum
645 1168 796 1223 missilibus
806 1168 963 1233 certabatur,
973 1167 1037 1239 plns
1047 1167 1113 1222 vul-

311 1260 406 1298 narum
416 1241 445 1298 in
455 1260 511 1308 nos,
523 1250 547 1296 et
555 1242 698 1316 pleraeque
708 1242 800 1297 caedes
810 1242 972 1297 oriebantur.
1002 1242 1113 1296 Postea-

258 1333 261 1338 ’
310 1333 402 1388 quam,
414 1316 480 1372 facta
490 1317 630 1383 testudine,
641 1317 721 1372 rudes
731 1326 757 1371 et
765 1315 893 1372 informes
901 1333 1028 1372 saxorum
1035 1333 1114 1372 com-

309 1408 391 1464 pages
401 1391 548 1457 distractae,
564 1409 666 1463 parque
674 1393 797 1446 cominus
808 1391 892 1460 acies,
913 1390 1039 1446 decedam
1047 1391 1113 1446 bar-

310 1465 367 1520 bari
377 1466 407 1522 iu
416 1466 480 1540 iuga
489 1467 629 1520 montium.
664 1464 716 1522 Sed
729 1483 878 1538 eoquoqne
887 1466 1013 1537 inrupere
1021 1463 1112 1520 feren-

310 1541 394 1594 tarius
402 1540 547 1614 gravisque
556 1539 648 1606 miles:
660 1539 700 1594 illi
711 1539 770 1595 telis
780 1539 1112 1605 adsultantes,hiconlerto

310 1614 408 1688 gradu:
434 1615 546 1669 turbatis
561 1623 650 1670 contra
662 1615 849 1670 Britannorum
868 1615 1018 1678 ordinibus,
1036 1615 1112 1685 apud

310 1706 378 1761 quos
388 1688 463 1745 nulla
477 1688 619 1746 loricarum
631 1688 802 1762 galearumve
838 1689 939 1754 nmina,
950 1697 985 1754 et,
996 1689 1022 1743 si
1030 1690 1112 1744 anxi·

312 1764 422 1820 liaribus
436 1765 597 1828 resisterent,
611 1763 709 1837 gladiis
723 1781 754 1818 ac
765 1762 829 1836 pilis
853 1764 1064 1837 egionariorum:
1084 1764 1111 1818 si

311 1839 364 1895 buc
373 1848 513 1904 verterent,
529 1838 631 1910 spathis
641 1848 666 1893 ct
675 1838 759 1892 hastis
771 1837 948 1905 auxiliarium
954 1836 1112 1892 sterneban-

311 1923 364 1969 tur.
403 1913 479 1970 Clara
492 1931 522 1968 ca
532 1913 640 1970 victoria
654 1911 714 1978 fuit,
730 1921 859 1986 captaque
868 1929 951 1968 uxore
960 1921 985 1967 et
994 1911 1050 1968 filia
1060 1911 1097 1968 Ca
1169 1956 1170 1979 ,

311 1989 416 2054 ractaci,
426 1988 519 2043 fratres
529 2004 637 2060 quoque
646 1988 676 2043 in
685 1987 845 2044 deditionem
856 1988 965 2060 accepti.

366 2066 407 2118 36.
428 2063 489 2134 Ipse
502 2062 541 2136 (ut
555 2062 638 2118 ferme
652 2063 737 2118 intuta
750 2072 814 2118 sunt
823 2060 943 2135 adversa)
955 2079 1017 2117 cum
1028 2061 1112 2117 iidem

311 2136 537 2202 Cartismanduae,
549 2137 656 2211 reginae
665 2139 831 2212 Brigantum,
843 2137 990 2210 petivisset,
1002 2137 1112 2191 vinctus

310 2228 341 2266 ac
351 2211 495 2266 victoribus
505 2211 617 2268 traditus
626 2221 676 2277 est,
688 2230 758 2268 nono
768 2223 828 2284 post
837 2230 906 2266 auno
914 2229 997 2285 quam
1006 2209 1111 2266 bellum

310 2286 339 2340 in
348 2285 483 2340 Britannia
496 2294 629 2358 coeptum.
668 2286 744 2342 Unde
759 2286 829 2341 lama
838 2287 995 2342 eiusevecta
1005 2285 1113 2340 insulas

311 2367 336 2414 et
350 2361 486 2430 proximas
499 2362 652 2432 provincias
665 2369 817 2436 pervagata,
831 2378 879 2432 per
889 2360 991 2416 ltaliam
1000 2377 1113 2433 quoqne

310 2433 505 2490 celebrabatur:
526 2436 692 2507 avebantque
705 2436 802 2507 visere,
818 2437 882 2508 quis
895 2434 941 2490 ille
956 2443 993 2491 tot
1004 2451 1053 2506 per
1063 2453 1114 2490 an-

312 2527 359 2566 nos
373 2525 437 2582 opes
451 2511 717 2581 nostrassprevisset.
756 2509 1115 2582 Nellomaeqnidemigno-
1169 2538 1170 2549 ,

311 2583 689 2640 bileCaractacinomenerat:
707 2583 847 2651 etcaesar,
858 2583 1017 2640 dumsuum
1027 2583 1114 2640 decus
1169 2620 1170 2623 η

311 2658 421 2724 extollit,
436 2657 537 2715 addidit
565 2658 658 2724 loriam
668 2659 747 2714 moto.
785 2660 900 2717 Vocatus
909 2658 1021 2731 quippe,
1035 2669 1068 2714 ut
1078 2659 1114 2714 ad

311 2676 754 2806 insignespectacuiumpopulus.
792 2733 1024 2790 Stetereinarmis
1032 2749 1114 2804 prae-

312 2807 392 2861 toriae
410 2808 538 2875 cobortes,
559 2825 663 2879 campo,
683 2807 732 2879 qui
750 2819 835 2863 castra
862 2809 982 2864 raeiaoet.
1021 2807 1111 2873 Tunc,

311 2880 494 2936 incedentibus
518 2883 599 2957 regiis
618 2881 764 2948 clientelis,
788 2826 913 2954 phaicrae
934 2891 1110 2956 torquesque,

312 2972 435 3028 quaeque
446 2954 524 3012 bellis
534 2959 650 3014 externis
660 2957 818 3030 quaesierat,
829 2957 960 3012 traducta:
982 2974 1046 3013 mox
1057 2956 1113 3013 ira-
