2575 3734
328 460 376 513 39⁸
609 464 845 513 urrunnun
987 458 1106 533 (eumn.

327 563 834 711 ttitttilltltlffiltdli
842 566 1109 696 &inditi

327 715 402 770 horte
416 714 534 770 militum
554 714 677 770 inmittit:
703 712 830 787 iubetque
843 721 999 784 prorem
1016 726 1110 771 cerutus

328 793 449 853 romulis,
463 792 668 858 occuparentur
675 806 763 844 arcem
770 793 834 854 eiua,
847 794 1111 859 opprimaredsleetdn

327 869 497 919 iuventutem:
516 866 581 937 quia
588 864 716 921 Vestinus
726 863 886 937 inminentes
895 863 952 922 iero
959 864 1112 921 aedesdeae

327 955 411 1011 raque
430 938 538 994 servitia
556 947 583 993 et
600 939 659 1010 pari
673 946 756 993 aetate
769 938 891 995 habebat.
920 938 1112 995 ¹Cunctaeodie

328 1014 420 1069 m'unia
439 1012 557 1069 consulis
575 1011 722 1084 inpleverat
738 1013 947 1086 conviviumque
963 1014 1110 1077 eelebrahat

327 1088 396 1143 nihil
415 1094 546 1152 metuens,
566 1103 600 1141 an
615 1086 812 1143 dissimulando
823 1095 912 1143 metu:
930 1105 995 1143 eum
1008 1089 1112 1162 ingressi

328 1162 436 1227 milites.
452 1166 542 1217 vorari
556 1178 613 1216 eum
626 1180 645 1216 a
660 1165 772 1224 tribune,
787 1161 888 1217 dixere.
926 1162 984 1228 Ille,
1000 1163 1113 1219 nihildu-

327 1246 455 1301 moratus,
467 1237 600 1310 exsurgit;
621 1242 647 1291 et
654 1237 745 1293 emnia
754 1236 836 1292 simul
845 1244 1037 1310 properantur:
1052 1236 1113 1293 elau

327 1312 400 1367 ditur
412 1310 545 1376 eubiculo,
561 1318 665 1383 praesto
677 1319 719 1366 ast
730 1310 861 1377 medidus,
873 1312 1070 1368 abscinduntur
1078 1330 1113 1368 ve

326 1400 387 1515 puae,
402 1384 600 1515 vifiensdaghun
611 1385 706 1441 balneo
714 1383 1112 1518 insellarlsgllllrquullm

357 1476 518 1525 r,nuae1
555 1476 627 1525 voca,
658 1476 823 1515 uasemem
968 1502 976 1517 .
1025 1478 1114 1518 rreum-

326 1534 381 1590 ‹lati
399 1535 506 1591 interim
525 1478 658 1600 custodial
674 1535 724 1606 qui
743 1533 826 1591 simul
843 1534 1046 1603 discubuerant,
1066 1553 1112 1599 nee.

327 1610 381 1665 nisi
399 1616 521 1682 proveeta
541 1616 625 1673 noete,
643 1608 738 1664 omissi
753 1616 826 1675 sunt,
840 1617 984 1686 postquam
998 1627 1113 1683 pavorem

205 1714 207 1721 ‹
327 1701 430 1749 eorum,
440 1700 474 1739 ex
484 1700 575 1738 mense
585 1683 697 1739 exitium
709 1685 914 1756 opperientium,
925 1692 952 1739 et
960 1685 1114 1760 imaginatus

326 1766 352 1813 et
369 1758 490 1815 inridens
507 1757 586 1824 Nero,
600 1763 667 1814 antis
679 1762 806 1829 supplicii
819 1762 905 1825 lutere,
920 1760 966 1824 eit,
975 1778 1033 1828 pro
1046 1764 1115 1830 sputis
1138 1827 1139 1834 ἵ

327 1836 514 1889 contutatidus.

285 1952 290 1961 .
380 1911 424 1965 70.
443 1908 514 1963 Exin
528 1907 564 1963 ll.
578 1906 680 1963 Annaei
690 1907 797 1963 Luean'r
803 1908 909 1963 eaedem
922 1909 1052 1979 imperat.
1087 1910 1114 1972 le,

326 1983 471 2057 proiluente
481 1982 621 2057 sanguine,
635 1980 684 2037 ubi
693 1980 835 2057 frigeseere
846 1983 927 2055 pedes
937 1992 1115 2056 manusqueu
1137 1983 1138 2056 l

327 2059 465 2132 paullatim
477 2058 512 2114 ab
525 2058 652 2114 extremis
665 2055 758 2112 eedem
771 2059 906 2130 spiritum,
921 2055 1028 2114 fervido
1040 2058 1116 2114 adhuc

327 2141 352 2190 et
361 2140 479 2205 compote
488 2134 589 2205 mentis
595 2139 708 2205 pertore,
715 2131 1009 2207 intelligitreeordatus
1018 2150 1116 2189 earmen

327 2226 341 2263 a
357 2226 386 2263 se
399 2209 586 2280 compositum,
603 2224 659 2280 quo
669 2206 839 2263 vulneratum
852 2206 976 2273 militem,
991 2224 1043 2280 per
1056 2210 1116 2263 eius

326 2282 400 2338 modi
414 2284 507 2337 mortis
520 2278 667 2356 imaginem
675 2280 774 2337 obiisse
784 2281 932 2348 tradiderat,
943 2298 1045 2338 versus
1055 2284 1116 2355 ipm

326 2354 430 2413 retulit:
450 2372 534 2427 eaque
542 2356 582 2412 illi
597 2372 723 2428 suprema
732 2374 785 2412 vox
797 2353 857 2414 luit.
895 2356 1006 2412 Senecio
1015 2359 1116 2430 posthae

326 2438 352 2487 et
360 2430 536 2499 Quinetianus
546 2440 572 2485 et
580 2430 736 2497 Scaevinus,
750 2448 804 2486 non
816 2447 850 2486 ex
858 2432 946 2503 priore
955 2431 1117 2489 vitae'molli

326 2508 372 2574 tia,
389 2522 452 2562 mox
465 2503 563 2576 reliqui
576 2506 773 2562 eoniuraterum
787 2506 898 2578 periere,
913 2503 989 2561 nullo
1001 2504 1076 2563 laeto
1086 2507 1117 2562 di

325 2590 400 2638 eteve
409 2578 588 2637 memorando.

380 2658 423 2711 ll.
444 2654 497 2711 Sed
506 2653 631 2725 eompleri
641 2653 748 2710 interini
758 2655 825 2709 urbs
833 2653 982 2719 funeribus,
997 2653 1118 2727 Capitoli
1134 2689 1135 2704 t

326 2730 518 2786 umrietimis:
548 2728 617 2784 alius
627 2726 691 2794 ulio,
712 2727 791 2783 fratre
800 2728 880 2796 aliam,
901 2728 1116 2803 aut‘prepinqun

327 2810 374 2857 aut
391 2804 476 2859 amieo
496 2802 651 2869 interiectis,
761 2811 848 2877 grates
861 2803 929 2870 deis,
940 2802 1041 2860 ernare
1050 2779 1135 2920 laurul

327 2876 448 2941 domum,
463 2892 550 2949 genua
564 2877 653 2950 ipsine
701 2876 771 2933 volvi
785 2886 812 2932 et
824 2877 943 2934 dextram
952 2878 1062 2935 osculis
1071 2881 1118 2935 lati

327 2965 399 3022 gare.
439 2949 527 3024 Atque
535 2950 590 3019 ille,
600 2950 730 3026 gaudium
742 2951 771 3006 id
778 2952 898 3019 eredens,
909 2953 1019 3009 Anmnii
1024 2954 1117 3011 Natalis
