2575 3734
318 494 368 554 att
597 501 838 550 annuarum
945 551 949 555 ,
980 494 1119 568 (anan.

311 612 386 661 'dam
425 606 457 662 Sl
470 608 611 674 aaaoptnta
619 600 770 676 militmltot
778 604 851 657 enim
861 602 1050 679 adveniebant)
1057 625 1121 675 pro-

314 676 437 752 polirem
456 682 755 750 damreserturoaallaa
764 678 871 743 Neroni,
886 683 949 733 dum
958 686 1121 735 monacalis

314 764 439 828 permeat,
449 758 532 809 anullo
541 756 879 823 secuturo,qaoeoduaque
887 757 981 807 bellum
990 758 1120 810 evolemu-

316 840 383 887 νοω.
421 832 538 901 Denique
549 836 596 883 aul
608 831 719 883 saluom
732 830 781 881 tola*
791 830 899 882 coaulio
908 834 1010 898 quaem,
1020 840 1072 884 aut
1080 836 1120 884 ni-

317 910 355 963 lu'l
366 909 474 977 molus
483 908 597 968 audenti,
608 919 688 972 qaum
696 906 799 971 pauso,
807 906 960 970 potiendum
968 920 1032 959 ease.

373 984 416 1037 ot.
433 978 617 1035 SedPleutum
627 993 658 1031 aa
667 993 721 1031 nou
730 992 846 1041 movere,
857 977 1031 1033 sivenullam
1041 996 1118 1049 opem

317 1054 472 1130 providebat
489 1052 601 1107 inermis
620 1060 701 1123 atque
709 1050 796 1109 exsul.
812 1068 861 1106 seu
874 1052 961 1107 taedio
973 1054 1118 1127 ambiguae

318 1132 386 1203 spei,
397 1146 431 1183 an
440 1143 529 1182 amors
538 1126 661 1204 ooniugis
670 1134 696 1180 et
704 1125 967 1199 liberorum,quibus
977 1127 1118 1200 placabili-

317 1222 390 1262 orem
401 1200 456 1258 fors
465 1202 614 1273 prinoipem
623 1200 741 1265 rebatur,
753 1200 828 1255 nulla
837 1200 1017 1257 sollieitudine
1027 1204 1119 1259 turba·

317 1290 386 1335 tum.
425 1275 502 1341 Sunt,
519 1276 567 1349 qui
582 1275 675 1332 aliosa
688 1277 894 1331 sooemnuntios
903 1278 1012 1331 venisse
1021 1277 1116 1344 ierant,

316 1363 455 1425 tamquam
470 1350 538 1406 nihil
549 1359 623 1407 atrox
632 1352 787 1419 inmineret3
808 1350 980 1424 doctoresque
990 1354 1117 1425 sapienti

318 1446 358 1493 aa,
374 1428 523 1483 Coeranum
536 1426 643 1489 Graeci,
659 1426 814 1479 Musonium
828 1426 909 1480 Tusoi
922 1429 1041 1499 generis,
1056 1446 1117 1483 oon·

318 1504 442 1558 stantiam
457 1502 632 1575 opperiendae
645 1500 749 1563 mortis,
765 1516 814 1571 pro
822 1501 921 1555 ineerta
929 1511 956 1555 et
964 1502 1070 1573 trepida
1078 1505 1117 1558 vi-

317 1578 492 1644 ta,·suasisse.
524 1577 654 1649 Repertus
664 1582 704 1629 est
713 1583 791 1640 oarte,
802 1591 850 1646 per
859 1576 979 1631 medium
989 1577 1056 1643 diei,
1068 1596 1117 1632 nu-

318 1654 370 1711 dus
380 1652 550 1708 exercitando
563 1650 676 1722 eorpori.
715 1649 806 1703 Talem
820 1668 884 1705 eum
897 1652 1018 1707 centurio
1035 1655 1116 1707 unci-

318 1730 400 1793 davit,
416 1744 506 1783 eoram
517 1725 648 1799 Pelagone
661 1725 787 1797 spadone,
798 1742 880 1798 quem
890 1726 961 1781 Nero
968 1728 1116 1783 oonturioni

318 1812 344 1860 et
367 1801 518 1875 manipulo,
541 1800 620 1873 quasi
644 1800 803 1875 satellitibus
827 1802 982 1856 ministrum
1001 1803 1115 1875 regium

318 1886 514 1951 praeposuerat.
552 1876 639 1947 Caput
648 1875 777 1930 interlecti
786 1875 914 1931 relatum:
934 1877 1014 1931 ouius
1022 1876 1117 1949 adspe-

318 1963 372 2019 otu,
388 1954 456 2027 (ipsa
466 1951 596 2024 principis
605 1950 687 2005 verba
696 1950 819 2023 aeleram)
834 1952 912 2016 Ouia,
925 1952 1026 2023 inquit,
1038 1952 1114 2015 Nero,

317 2034 431 2097 deposito
450 2036 526 2090 metu,
546 2031 653 2095 nuptias
666 2022 806 2095 Ρορράιασ,
822 2029 854 2079 ob
866 2031 992 2082 eiusmodi
1005 2036 1116 2082 terrom

318 2108 423 2166 dilatus,
439 2112 671 2169 matororoporoa,
687 2100 872 2170 Octaviamque
883 2106 1016 2170 coniugem
1024 2106 1116 2156 omoli-

316 2183 358 2243 νὴ
378 2182 497 2246 quumvis
514 2181 625 2231 modeste
643 2184 714 2244 opat,
735 2184 760 2230 et
772 2180 875 2230 aomina
884 2181 973 2245 pota-io
986 2185 1011 2231 et
1024 2182 1116 2231 studiis

314 2255 408 2320 populi
415 2250 539 2321 pronon?
557 2248 609 2305 Sed
618 2250 653 2305 ad
662 2257 784 2305 senatum
793 2249 891 2305 litteras
900 2251 984 2315 misit,
996 2250 1115 2307 deoaede

317 2324 408 2381 Sullae
417 2325 557 2399 Plautique
566 2325 640 2380 haud
648 2324 796 2390 molossus,
809 2342 905 2380 verum
913 2331 1052 2396 utriusque
1062 2336 1115 2381 tur-

319 2405 406 2457 bidum
420 2404 550 2469 ingenium
563 2418 625 2465 aare,
642 2404 726 2455 stalli
738 2403 1013 2469 incolumitatemaeip.
1023 2418 1116 2471 mopso

320 2478 491 2532 mrahoaeri.
518 2474 1116 2547 Decretaeeouominesupplioetiones,utque

319 2550 393 2607 Sulla
403 2558 429 2605 et
438 2549 548 2604 Plautus
557 2558 651 2603 senatu
659 2558 839 2615 moverentur,
850 2550 1020 2624 gravioribus
1029 2558 1115 2605 omen

319 2627 454 2693 ludibriis,
466 2642 547 2697 quam
556 2623 644 2679 malis.
686 2667 687 2671 η

374 2706 416 2757 60.
432 2702 516 2775 Igitur
526 2707 630 2771 aooepto
638 2706 746 2771 patrum
756 2700 885 2765 oonsulto,
898 2708 1043 2773 postquam
1051 2716 1116 2755 ouu-

320 2784 360 2831 ota
371 2776 500 2831 sasleium
511 2790 621 2831 suorum
631 2772 680 2845 pro
688 2776 803 2849 egregiis
813 2775 897 2846 aooipi
907 2775 989 2840 videt,
996 2776 1116 2830 emurbat

320 2849 467 2915 Octauiam,
481 2850 598 2905 sterilem
609 2849 741 2903 dictitans.
780 2850 851 2905 Exin
861 2851 1115 2921 Poppaeaaooniun-
1156 2885 1157 2894 η

311 2927 402 2999 gitur.
442 2926 479 2979 Ee
494 2925 541 2980 diu
555 2923 652 2997 pellex,
667 2932 692 2976 et
701 2923 813 2979 adulteri
822 2926 945 2989 Neronis,
956 2942 1021 2980 mox
1030 2924 1116 2979 mariti
1156 2927 1157 2970 l

315 3008 424 3073 potens,
440 2998 574 3071 quendam
590 3014 623 3053 ax
638 2999 771 3053 ministris
779 2999 903 3055 Octaviae
912 2999 1020 3072 inpulit,
1034 3000 1116 3054 servi-
