2575 3734
274 471 277 476 Α
308 507 357 562 eto
589 509 824 557 ANNALlUtt
957 505 1107 576 .(a‹u.8t5.

307 613 361 666 nioi
371 612 576 677 miserabantur,
590 612 684 666 remoti
697 609 766 664 lictis
775 610 888 676 caussis,
899 609 981 664 etalii
989 628 1040 682 per
1048 629 1110 682 spe-
1168 644 1170 685 t

307 687 376 741 ciem
396 685 514 742 honoris.
552 684 641 740 Etiam
661 685 816 740 libertorum
835 685 939 756 siquis
954 685 1110 757 inoorrupta
1168 688 1169 703 ¹

307 761 369 826 lide,
390 759 541 832 depellitur,
561 758 773 815 talioeoasione.
812 757 893 813 Obvii
906 760 1025 824 intereo,
1040 760 1110 816 Nero

307 835 490 890 Britannicum
499 834 617 900 nomine,
628 833 832 896 illeDomuium,
842 832 1001 888 salutavere.
1019 833 1109 900 Quod,

307 917 339 963 ut
352 908 499 964 discordiae
514 909 632 973 initium,
645 905 795 981 >Agrippina
804 906 890 962 multo
899 915 997 980 questu
1007 909 1044 963 ad
1051 927 1110 964 me-

307 984 390 1038 ritum
403 982 500 1038 defert:
525 989 614 1050 eperat
627 984 729 1055 quippe
737 986 908 1049 adoptionem,
919 1000 1038 1051 quaeque
1050 1001 1111 1038 oeu-

307 1060 756 1125 euertutpotree,iuaeeritpopulue,
769 1060 843 1110 intra
851 1057 1110 1126 Penateoobropaei:
1168 1126 1169 1131 ἵ

308 1149 348 1194 oe,
364 1135 417 1185 etei
427 1135 549 1198 praeitor
562 1139 615 1186 tem
627 1135 729 1201 intenae
740 1134 886 1184 docentium
894 1139 1028 1195 areentur,
1049 1149 1112 1187 eoae·

306 1214 387 1274 ptura
406 1209 435 1258 to
449 1208 582 1272 publicam
598 1210 748 1274 per-ettotam.
787 1203 941 1260 Commotus
959 1205 1014 1271 hia,
1029 1206 1111 1279 qnasi
1168 1204 1169 1221 ¹

308 1278 478 1344 criminibus,
495 1278 632 1346 Claudius,
647 1279 1109 1352 optimum-quemqueeduaetorem
1168 1294 1169 1327 1

308 1351 358 1407 filii
372 1351 467 1408 exsilio
480 1369 510 1408 ae
522 1362 606 1409 morte
620 1354 717 1420 adlicit,
731 1352 860 1426 datosque
871 1371 887 1408 a
897 1370 1009 1410 noverea
1019 1364 1112 1411 eusto-
1168 1356 1169 1359 ’

308 1426 367 1481 dieo
378 1427 435 1482 aius
446 1428 557 1498 inponit.
710 1433 716 1444 ’

365 1578 406 1632 li.
418 1569 543 1632 Nondum
554 1585 641 1632 tamen
652 1594 759 1631 trimma
769 1577 858 1632 moliri
869 1575 1017 1650 Agrippina
1026 1578 1110 1633 aude-

309 1650 363 1716 bat,
374 1652 403 1705 ni
413 1653 602 1723 praetoriarum
613 1651 762 1707 cohortium
770 1669 833 1706 eura
843 1652 1045 1706 exsolverentur
1055 1654 1111 1708 Lu-

309 1725 367 1780 aiite
382 1725 447 1781 Geta
461 1733 487 1782 et
499 1726 594 1781 liutius
608 1726 765 1797 Crispinum
785 1743 855 1798 quos
868 1726 1036 1781 Mesmllinae
1053 1745 1111 1782 me·

310 1817 397 1856 morea
410 1808 436 1855 et
450 1799 541 1856 liberis
555 1801 614 1856 eius
628 1801 764 1855 devinctae
777 1801 908 1856 credebat.
947 1801 1042 1873 Igitur,
1054 1807 1110 1869 rtie-

310 1879 381 1930 treltt'
396 1879 511 1930 eoltortee
522 1879 620 1932 ambitu
631 1881 751 1937 duorum,
766 1884 799 1939 et,
809 1881 835 1930 ot
843 1879 878 1930 ob
887 1885 1108 1944 unerepereuer,

309 1954 470 2005 intentiorem
484 1955 538 2022 ¹tore
551 1953 717 2018 dteotplt’nom
730 1949 901 2008 adseverante
912 1966 1010 2014 uxore,
1021 1957 1110 2004 trane
1168 1978 1169 1997 ÷

310 2023 392 2080 fertur
406 2025 525 2098 regimen
540 2025 687 2080 eohortium
702 2023 735 2078 ad
744 2025 860 2079 Burrum
870 2024 1021 2089 Afranium,
1033 2041 1112 2098 egre-

309 2099 369 2172 giae
387 2098 511 2154 militaria
533 2098 632 2164 lemae,
653 2115 767 2172 gnarum
790 2106 894 2164 temen,
917 2099 997 2154 ouius
1015 2107 1112 2170 sponte

309 2172 502 2246 praeficeretur.
542 2172 627 2232 Suum
638 2189 747 2245 quoque
756 2172 893 2246 festigium
904 2173 1054 2245 Agrippina
1064 2191 1112 2229 ax-

309 2245 400 2302 tollere
414 2245 510 2302 altiusz
530 2256 653 2319 carpento
666 2246 825 2320 Capitolium
840 2249 957 2321 ingredi3
978 2248 1027 2319 qui
1037 2265 1109 2314 mos,

310 2320 491 2375 sacerdotibus
506 2329 532 2376 et
544 2324 626 2376 seoris
639 2324 788 2394 antiquitus
798 2339 950 2386 ennoesaue,
961 2323 1112 2378 veneratio-

309 2411 372 2449 nem
387 2395 501 2468 augebat
514 2395 643 2464 feminam
664 2413 747 2468 quem
759 2398 917 2468 imperatore
924 2399 1056 2470 genitam,
1067 2414 1112 2452 so

309 2485 396 2524 rorem
411 2469 480 2534 eius,
495 2470 544 2540 qui
558 2485 648 2524 rerum
662 2472 816 2542 potituaait‚
829 2471 1005 2543 etooniugem
1015 2478 1114 2526 mma-

243 2559 245 2570 ¹
309 2550 376 2612 trem
396 2542 493 2608 sitisse,
515 2545 626 2598 unicum
645 2544 680 2598 ad
699 2544 777 2600 launo
792 2545 865 2600 diem
883 2545 1038 2617 exemplum
1058 2554 1110 2601 eet.

309 2618 380 2673 luter
391 2631 462 2690 quae
475 2619 635 2689 praecipuus
647 2621 906 2692 propugnatorum,
916 2619 1051 2685 Vitellius,
1061 2638 1114 2678 -ua-

309 2690 442 2746 lidissimo
452 2692 545 2765 gratia,
557 2699 638 2746 aetate
649 2700 765 2746 extrema
779 2692 853 2766 (adeo
861 2695 977 2749 incertae
987 2704 1054 2749 munt
1062 2712 1114 2766 po-

309 2767 422 2820 tertium
432 2766 484 2838 res)
494 2762 661 2822 accusatione
669 2767 963 2838 oonripitnr‚deierente
972 2769 1114 2824 lunioLu·

309 2853 354 2911 po,
365 2847 494 2895 senatore.
533 2841 684 2895 incrimine
699 2842 845 2896 maiestatis
854 2850 880 2896 et
891 2843 1048 2914 cupidinem
1056 2845 1114 2898 im-

309 2914 378 2986 perii
397 2913 550 2968 oblectabat.
590 2914 812 2987 Praebniaeettiue
831 2933 910 2973 aures
928 2917 1035 2983 Caesar,
1056 2919 1113 2973 nisi

310 2987 475 3061 Agrippinae
482 2989 565 3044 minis
574 2989 661 3064 magia
673 3005 754 3062 qnam
765 2991 891 3062 praeibas
899 3000 1021 3050 mumma
1028 3003 1110 3053 esset„
