2575 3734
305 462 355 517 aaa
595 463 829 511 aunarium
982 457 1106 531 (auem

353 566 385 605 ⁶0.
394 564 458 611 Nero,
468 564 533 604 ducta
541 564 651 614 Poppaea,
661 561 773 603 Octaviani
782 564 890 605 amonica
914 564 969 605 'inm
980 566 1038 605 lianc
1046 577 1107 607 tero-

302 635 343 681 cat,
362 633 393 673 ti.
402 632 494 673 laemnte
502 632 591 681 populo.
601 632 712 680 Poppaeae
720 641 772 671 mox
780 633 850 671 honos
859 634 973 681 repositus.
990 634 1046 673 liius
1055 635 1106 673 doli.

301 700 392 741 ti-tii.
402 699 487 739 Aniceti
496 700 576 739 scalere
586 698 707 739 octaviola
716 698 805 737 exilium
818 700 881 748 pulsa
889 702 978 738 necatur
985 700 1010 739 iu
1022 702 1106 739 Panda-

302 768 364 807 teria.
378 768 507 816 Temporum
516 766 636 804 infelicitas.
652 767 685 804 65.
692 765 950 815 LibertosDorypliorum
957 771 979 806 et
985 767 1105 807 Pallantem

300 845 383 874 veneno
393 834 518 874 tollitNoro.
534 832 614 871 Seneca
623 834 739 872 incusatur.
755 834 805 871 Piso
812 833 893 871 Neroni
901 834 1024 874 insidiatur.
1158 839 1159 842 ’

352 902 417 942 Gesta
426 903 479 940 haec
488 901 549 939 annis
559 901 644 939 circiter
652 902 759 949 qoamoor,
772 899 793 939 0.
803 900 908 948 liparam,
921 900 944 940 G.
952 901 1040 941 Fonteio
1047 903 1106 951 copt-

301 974 354 1009 loue.
373 970 427 1017 Imp.
436 967 577 1012 Heroum..
594 967 656 1006 doaso
667 967 761 1006 Cornelio
773 966 865 1006 Lentulo.
890 967 912 1007 0.
924 968 1025 1008 Caesonio
1036 970 1104 1016 Raeto,

303 1038 324 1077 0.
334 1038 431 1077 Petronio
443 1035 570 1083 turpiliano.
589 1034 613 1071 P.
623 1034 694 1073 Mario
706 1034 770 1080 Celso,
780 1034 805 1072 L.
814 1035 887 1073 Asinio
897 1034 958 1074 uallo
967 1046 1021 1076 cora.

360 1126 383 1175 i.
400 1112 470 1175 Caio
488 1120 630 1189 Vipstano,
648 1120 761 1174 Fonteio
772 1136 858 1182 coss,
875 1119 924 1173 diu
940 1120 1104 1176 meditatum

302 1197 394 1252 scelus
408 1212 462 1248 non
477 1194 548 1248 ultra
559 1194 630 1247 Nero
640 1193 759 1256 distulit,
772 1199 907 1248 vetustate
917 1196 1032 1265 imperii
1044 1214 1104 1251 coa-

301 1271 351 1326 lita
364 1270 492 1333 audacia,
510 1277 537 1323 et
547 1266 706 1341 flagrantior
719 1270 748 1322 in
762 1268 823 1322 dies
837 1286 928 1323 amore
942 1270 1101 1343 Poppaeae;

300 1362 381 1417 quae,
394 1344 449 1398 sihi
460 1343 667 1397 matrimonium
678 1351 704 1397 et
713 1343 864 1397 discidium
874 1344 1014 1410 Octaviae,
1027 1347 1104 1402 inco-

301 1421 370 1476 lumi
381 1418 543 1491 Agrippina
560 1418 634 1471 haud
648 1434 771 1488 sperans,
785 1418 889 1472 crebris
900 1420 1104 1477 criminationi·

300 1496 367 1558 bus,
385 1493 533 1566 aliquando
548 1510 597 1564 per
608 1492 734 1557 facetiaS,
751 1494 878 1547 incusare
893 1495 1064 1567 principem,
1081 1507 1105 1552 et

297 1573 428 1640 pupillum
437 1585 547 1631 vocare,
563 1574 609 1637 qui
619 1572 698 1621 iussis
710 1572 805 1622 alienis
814 1572 950 1633 elucaciae,
964 1588 1018 1625 eoa
1031 1578 1105 1627 modo

300 1650 410 1714 imperii,
421 1650 466 1699 secl
477 1648 603 1699 libertatis
612 1646 690 1696 etium
699 1647 835 1711 iudiperet.
858 1643 911 1699 Cur
921 1650 989 1699 euim
1000 1651 1105 1716 differri

300 1726 405 1789 nuptias
414 1718 496 1775 auus?
508 1719 630 1773 Formam
642 1721 741 1773 scilicet
753 1722 891 1786 displicere
900 1729 924 1773 et
935 1724 1104 1789 triumphales

299 1794 381 1851 auos?
393 1805 439 1850 'au
451 1796 632 1865 fecunditatem
645 1802 670 1846 et
686 1811 775 1847 oerum
787 1792 922 1847 animum?
946 1796 1059 1860 Timeri,
1075 1815 1104 1851 ue

300 1889 370 1927 uuor
379 1875 469 1925 saltem
481 1873 595 1922 iniurias
604 1876 720 1935 patrum,
734 1873 803 1921 irum
818 1872 909 1936 populi
919 1874 1048 1925 advertus
1060 1890 1104 1927 au·

297 1951 415 2014 perbiam
428 1948 618 2012 avaritiamque
630 1947 736 2005 matris,
751 1948 863 2011 aperiat.
895 1944 996 2008 Quodsi
1008 1964 1105 2002 aurum

299 2023 445 2089 Aqrippiua
458 2024 561 2074 acuuiai
574 2022 629 2087 filio
642 2023 761 2087 intectam
775 2023 844 2087 serre
857 2029 955 2087 posset,
975 2026 1105 2078 reddatur

299 2102 358 2164 ipsa
372 2094 479 2149 Othonia
492 2098 621 2163 rouiupio.
654 2094 756 2147 ituram
774 2112 875 2162 quoquo
892 2104 1040 2160 terrarum,
1062 2102 1105 2152 uiri

299 2174 402 2225 audiret
419 2176 506 2237 potius
526 2172 694 2223 contumelias
706 2174 884 2236 imperatoria,
905 2188 984 2237 quum
999 2178 1103 2235 ciceret,

298 2246 423 2312 periculis
436 2250 491 2297 eius
504 2250 628 2299 iumiccta.
656 2244 728 2297 ilaec
743 2251 825 2313 atque
839 2244 919 2306 talia,
937 2243 1065 2301 lacrimis
1081 2258 1105 2302 et

300 2328 356 2374 arte
376 2318 515 2373 adulterae
534 2319 720 2389 penetrantia,
746 2336 826 2373 nemo
844 2318 1025 2389 prohibebat,
1056 2340 1104 2377 ou-

298 2394 440 2467 pientibus
459 2395 565 2448 cunctis
581 2392 696 2465 infringi
713 2394 863 2463 potentiam
876 2395 982 2456 matris,
1000 2405 1029 2449 et
1044 2415 1105 2453 cre-

299 2470 380 2525 dente
390 2470 476 2532 nullo,
487 2468 620 2540 usquead
631 2468 743 2522 caedem
752 2470 813 2523 eius
823 2468 953 2523 duratura
963 2469 1016 2524 filii
1026 2472 1102 2527 odia.
1158 2485 1159 2488 ’

354 2550 380 2602 2.
396 2544 490 2599 Tradit
500 2543 625 2607 Cluvius,
637 2543 820 2615 Agrippinam
830 2544 925 2599 ardore
939 2546 1103 2602 retinendae
1158 2565 1159 2586 ¹

284 2622 435 2693 ‚potentiae
446 2636 477 2673 eo
491 2634 579 2689 usquc
593 2629 759 2689 provectam,
771 2627 802 2673 ut
811 2619 903 2673 medio
913 2619 980 2682 diei,
994 2639 1062 2676 cum
1073 2624 1102 2677 id
1158 2613 1159 2678 l

298 2697 504 2766 temporichro
514 2711 563 2765 per
572 2694 670 2748 vinum
680 2700 707 2747 et
717 2694 814 2764 epulas
823 2694 1012 2760 incalesceret,
1020 2696 1101 2752 offer·

298 2777 338 2825 ret
349 2786 378 2823 se
389 2770 500 2839 saepius
510 2768 660 2823 temulento
670 2777 805 2838 comptam
816 2776 842 2822 et
852 2770 956 2823 incesto
966 2780 1099 2839 paratam.

298 2846 418 2913 lamque,
432 2843 535 2897 lasciva
545 2844 638 2898 oscula
650 2850 676 2895 et
690 2844 867 2912 praenuntias
877 2842 975 2915 flagitii
987 2844 1102 2901 blandi-

297 2920 349 2973 tias
358 2917 552 2991 adnotantibus
561 2916 1102 2988 proximis,Senecam·contramuliebres

297 2986 1103 3070 inlecebrassubsidiumaleminapetivisse:inmissamquo
