2575 3734
130 489 131 513 ¹
211 455 337 554 aona.)
422 492 809 562 nrauucsnsrau.
968 491 1016 546 tat

211 588 327 657 milites,
348 589 520 668 etpatibulo·
533 592 626 649 adfixi.
666 592 797 650 Olermiue
818 594 937 660 infensos
953 595 1018 672 fuga

211 666 365 736 praevenit,
385 673 509 738 receptas
524 667 645 733 omullo,
666 669 711 724 oui
730 685 827 736 nomen
840 669 970 727 Flevum:
991 680 1018 728 et

211 739 446 812 haud-spernenda
456 740 513 796 illio
522 741 624 800 nivium
635 743 826 816 sociorumque
834 761 933 800 manus
942 744 1017 802 litora
1030 803 1033 810 ,

130 828 131 855 l
212 813 510 886 Ooeenipraesidebat.·
635 823 641 834 '
809 845 810 850 κ
868 885 870 890 Ι
986 853 990 860 ,

265 890 311 945 73.
332 887 411 956 Quod
429 890 478 946 ubi
496 890 529 946 L.
548 888 680 962 Apronio,
694 891 838 950 inferioris
859 893 1018 950 Germaniae

211 965 390 1037 propraetori,
410 963 563 1040 adgnitum,
582 965 682 1024 vexilla
701 964 838 1041 legionum
851 985 867 1023 e
880 969 1018 1040 superiore

211 1039 711 1112 prouincia,peditumqueetequitum
721 1041 895 1098 auxiliarium
903 1041 1017 1098 delectos

212 1115 323 1170 aocivit:
344 1130 375 1169 ao
388 1114 471 1170 simul
484 1121 633 1186 utrumque
644 1116 807 1182 exereitum,
829 1116 922 1173 Rheno
936 1117 1018 1190 devo-

211 1197 300 1254 ctum,
317 1188 413 1244 Frisiis
422 1188 528 1260 intulit3
548 1187 699 1245 solutoiam
709 1189 809 1252 easulli
818 1191 932 1258 obsidio,
947 1200 972 1247 et
982 1191 1017 1248 ad

130 1309 131 1327 ,
211 1280 261 1319 sua
274 1263 388 1322 tutanda
402 1263 531 1337 digressis
544 1262 700 1320 rebellibus.
771 1265 824 1320 ‘tur
836 1264 959 1338 proxima
971 1283 1017 1322 ee·

211 1338 351 1396 stuariaa
403 1338 479 1394 ribus
496 1346 523 1393 et
544 1338 687 1409 pontibus,
713 1345 752 1394 tra
773 1339 875 1396 ueendo
898 1342 1017 1415 graviori

211 1413 331 1487 agmini,
423 1420 443 1468 t.
482 1410 572 1484 Atque
585 1413 930 1486 interim,repertievadis,
944 1415 1015 1472 alam

211 1485 424 1553 Canninefatem,
435 1486 543 1559 etquod
550 1486 673 1558 peditum
684 1485 879 1544 Germanorum
889 1490 958 1546 iuter
967 1507 1017 1548 no·

204 1570 281 1640 Istros
293 1559 425 1628 merebat,
440 1561 514 1616 eirou
611 1562 616 1575 '
631 1569 705 1636 terga
718 1561 838 1619 hostium
849 1564 945 1620 iubet:
964 1565 1017 1637 qui

209 1637 266 1692 iam
275 1636 492 1708 aoiaeompo'siti,
502 1653 537 1709 pe
557 1643 608 1692 unt
616 1643 719 1693 turmas
728 1636 1025 1710 seduleqequitesqua.

210 1710 365 1786 legionum,
379 1710 502 1766 subsidio
511 1711 621 1766 missoss
659 1711 730 1766 'l'um
739 1719 793 1766 tres
802 1709 874 1766 leves
885 1711 1013 1778 eohortes,

210 1803 242 1842 ao
250 1803 365 1856 rursum
372 1784 455 1856 duae;
464 1785 538 1852 [dein
547 1793 666 1856 tempore
675 1786 811 1844 interiecto
820 1783 920 1850 alarius
932 1801 1016 1857 eques

209 1860 360 1916 inmissus:
381 1861 446 1917 satis
455 1859 553 1927 validi,
566 1861 592 1916 ei
601 1859 685 1915 simul
695 1859 894 1928 inurbuisoent:
915 1860 1017 1932 perin-

210 1934 356 1992 torvallum
369 1934 556 2001 adventantes,
570 1951 661 2008 neque
674 1935 850 1992 oonstantiam
859 1933 1016 1998 addiderant

209 2007 336 2076 turbatis,
346 2017 374 2064 et
383 2015 480 2080 pavore
488 2007 651 2083 fugientium
660 2009 860 2066 ,eutuebantuu
900 2009 1015 2084 Cethego

210 2085 344 2151 Leborini,
356 2084 440 2156 legato
449 2084 560 2156 quintae
569 2083 696 2159 legionis,
710 2084 782 2156 quod
791 2083 928 2158 reliquum
937 2086 1021 2159 auxie

210 2158 313 2215 liorum
320 2157 430 2225 ,traditz
449 2166 531 2232 atque
539 2157 595 2226 illa,
606 2158 690 2216 dubia
699 2176 811 2216 suorum
820 2159 907 2226 re„in
918 2176 1016 2232 anceps

209 2241 325 2300 tractus,
349 2234 442 2288 missis
464 2234 582 2300 nuntiis,
607 2234 665 2290 vim
688 2233 825 2308 legionum
846 2233 1014 2310 implorabat.

210 2308 395 2380 Prorumpunt
407 2308 531 2379 quintani
545 2315 607 2363 ante
620 2305 701 2375 alios,
717 2315 757 2374 et,
773 2309 827 2363 aeri
839 2326 876 2381 pu
915 2309 1016 2366 abesto

209 2381 305 2454 pulso,
326 2383 460 2453 recipiunt
472 2381 587 2438 eohortis
599 2381 724 2455 alasque,
745 2381 831 2439 iassae
845 2401 880 2440 vu
892 2384 1015 2441 neribus«

209 2459 307 2529 Neque
319 2457 378 2512 dux
386 2457 522 2511 Romanus
534 2456 682 2524 ultumiit,
695 2464 742 2512 aut
755 2473 864 2529 oorpora
875 2458 1013 2527 humavit,

209 2545 379 2605 quamquam
392 2529 472 2586 multi
484 2530 654 2587 tribunorum
672 2531 918 2605 praefectorumque
931 2539 958 2587 et
972 2533 1016 2588 in-

209 2608 304 2680 signes
327 2606 496 2664 centuriones
517 2606 683 2668 cecidissent.
722 2607 786 2664 Mox
810 2613 976 2678 compertum
999 2625 1015 2661 a

210 2675 369 2754 transfugis,
382 2680 725 2753 nongentosllomanorum,
736 2680 809 2754 apud
818 2680 921 2752 lupum,
932 2698 1015 2753 quem

129 2757 131 2819 l
208 2755 390 2810 Baduhennae
403 2763 512 2822 vocant,
527 2772 619 2829 pugna
632 2757 662 2810 in
676 2764 814 2827 posterum
826 2762 941 2811 extracta
951 2773 1015 2812 oon-

209 2829 307 2886 ieotos:
327 2837 354 2886 et
365 2828 446 2884 aliam
465 2829 722 2903 quadringentorum
741 2845 867 2896 manum,
889 2839 1015 2902 oocupsta

130 2904 131 2911 ’
209 2903 390 2976 Cruptoriois,
412 2905 550 2976 quondam
568 2904 750 2975 stipendiarii,
771 2903 850 2970 villa,
870 2912 1013 2978 postquam

209 2977 326 3050 proditio
335 2979 511 3046 metuebatur,
523 2978 626 3034 mutuis
634 2979 733 3035 ictibus
743 2979 928 3052 procubuisse.
1022 3011 1025 3018 ,
