2575 3734
283 488 332 543 tot
565 489 802 538 euasurum
945 479 1085 552 (r.n.rra.
1163 521 1164 540 t

282 591 453 647 tribunorum
470 591 712 662 centurionumque
727 588 850 654 humeris
868 589 971 644 cineres
993 597 1087 660 porta-
1163 615 1164 640 r

283 666 395 734 bantur;
406 665 597 737 praecedebant
605 665 741 736 incompta
749 663 836 736 signa,
848 662 920 718 versi
930 660 1030 718 fasces:
1046 671 1089 716 at-

283 757 350 812 que,
361 740 410 794 ubi
419 739 536 795 colonias
545 737 804 814 congrederentur,
818 744 900 791 atrata
909 735 1017 808 plebes,
1032 746 1089 790 tra-
1163 735 1164 740 ’

283 815 353 870 beati
363 815 482 886 equites,
497 830 546 885 pro
554 813 652 885 opibus
663 811 728 878 loci,
743 819 860 878 vestem,
875 810 968 866 odores
978 809 1090 882 aliaque

283 888 409 943 funerum
419 887 547 953 solennia,
559 887 720 942 cremabant.
741 885 842 940 'Etiam
852 901 968 958 quorum
977 885 1089 957 diversa
1163 949 1164 954 ἵ

283 963 395 1035 oppida,
411 970 498 1019 emen
509 960 595 1027 obvii,
612 969 637 1018 et
647 961 770 1018 victimas
779 967 859 1032 atque
868 977 926 1014 aras
936 959 988 1014 diis
999 959 1091 1016 Mani·
1163 1007 1164 1034 ,

283 1039 337 1092 bus
351 1043 508 1102 statuentes,
529 1035 647 1090 lacrimis
662 1043 687 1091 at
700 1033 953 1090 conclamationibus
966 1033 1089 1089 dolorem
1163 1047 1164 1070 ³

283 1111 456 1165 testabantur.
495 1111 599 1164 Drusus
615 1109 784 1164 Tarracinam
797 1125 955 1184 progressus
969 1117 1010 1163 est
1023 1126 1090 1163 oum
1163 1113 1164 1162 l

284 1183 396 1239 Claudio
411 1183 490 1238 fratre
503 1183 650 1256 liberisque
659 1183 825 1248 Germanici,
841 1183 889 1256 qui
904 1183 933 1238 in
947 1181 1092 1238 urbe'lue⁴

284 1267 353 1312 rant;
393 1257 532 1324 Consules,
544 1259 580 1314 bl.
592 1259 714 1315 Valerius
725 1266 752 1314 et
760 1257 791 1314 C.
802 1255 928 1312 Aurelius
938 1256 1001 1330 (iam
1012 1257 1090 1312 enim
1163 1277 1164 1320 3

285 1333 470 1407 magistratum
489 1332 652 1406 occeperant)
676 1338 701 1388 et
724 1339 832 1388 senatus
857 1349 887 1386 ac
905 1345 1002 1404 magna
1022 1348 1090 1404 pers

254 1416 260 1424 “
284 1405 379 1477 populi
387 1409 460 1461 viam
471 1407 645 1478 complevere,
655 1407 847 1473 disiecti,et,ut
856 1407 955 1478 cuique
966 1405 1089 1472 libitum,

286 1479 385 1535 flentes.
425 1481 522 1535 Aberat
531 1484 632 1554 quippe
641 1481 767 1547 adulatio,
778 1481 869 1556 gnaris
880 1479 1020 1545 omnibus,
1035 1480 1092 1535 lae-
1163 1487 1164 1528 ὲ

285 1563 340 1609 tam
350 1555 456 1610 'liberio
466 1555 617 1611 Germanioi
628 1563 740 1638 mortem
751 1555 820 1611 male
829 1554 1004 1618 dissimulari.

342 1674 367 1726 3.
388 1671 511 1727 Tiberius
521 1674 730 1745 atquebugusta
740 1671 848 1743 publico
862 1673 1032 1736 abstinuere,
1045 1673 1093 1726 in·

287 1744 370 1800 lerius
381 1748 517 1802 maiestate
525 1763 576 1802 sua
584 1747 650 1812 rati,
664 1747 689 1802 si
699 1746 788 1818 palam
803 1746 1024 1810 lamentarentur,
1041 1762 1089 1810 an,

286 1837 335 1884 ne,
349 1823 471 1876 omnium
484 1821 569 1878 oculis
583 1820 690 1878 vultum
704 1838 796 1878 mrum
810 1821 1005 1885 sernentibus,
1026 1818 1093 1876 talei

286 1893 506 1968 intelligerentur.
544 1897 657 1952 Matrem
665 1894 807 1952 Antoniam
818 1912 871 1950 non
881 1895 954 1966 apud
968 1901 1092 1954 auctores

286 1985 392 2032 rerum,
407 1986 461 2024 non
475 1970 575 2034 durna
585 1979 705 2026 actorum
718 1971 850 2041 scriptura
863 1966 965 2040 reperio
981 1968 1036 2034 ullo
1046 1969 1093 2024 in-

286 2042 358 2114 signi
368 2041 596 2113 olficiolunotam3
616 2062 695 2110 cum,
709 2061 791 2116 super
800 2043 975 2117 Agrippinam
985 2050 1012 2098 et
1018 2043 1093 2098 Dru-

287 2133 350 2173 sum
363 2124 390 2170 et
403 2116 560 2183 Claudium,
580 2119 662 2174 ceteri
674 2136 785 2191 quoque
795 2119 986 2191 consanguinei
1001 2118 1093 2173 nomi·-

288 2190 373 2248 natim
386 2192 527 2261 perscripti
540 2193 609 2247 sint:
630 2210 679 2248 seu
693 2193 844 2250 valetudine
858 2193 1089 2264 praepediebatur,

287 2280 337 2318 seu
351 2264 439 2321 victus
454 2263 529 2320 luctu
543 2266 652 2321 animus
664 2267 957 2340 magnitudinem‘mali
971 2265 1092 2338 perferre

287 2338 350 2392 visu
374 2355 428 2392 non
451 2337 581 2394 toleravit.
619 2338 735 2398 Facilius
749 2341 922 2406 crediderim,
942 2342 1050 2401 Tiberio
1065 2348 1092 2396 et

287 2413 424 2484 Anguem,
434 2413 484 2484 qui
490 2412 572 2470 domo
581 2415 818 2482 nonexoedebant,
830 2417 974 2475 cohibitam
982 2457 991 2482 ,
999 2423 1031 2470 ut
1040 2433 1090 2486 par

288 2503 404 2551 moeror,
416 2494 442 2543 et
451 2488 543 2542 matris
552 2487 674 2559 exemplo
684 2490 744 2546 avia
753 2499 897 2564 quoquest
905 2499 1019 2564 panum
1029 2491 1092 2556 atti-

289 2561 346 2615 neri
355 2560 517 2617 viderentur.

344 2670 369 2723 t.
389 2669 465 2734 Dies,
481 2685 536 2740 quo
548 2667 679 2741 reliquiae
691 2670 802 2728 tumnlo'
809 2672 924 2747 Augusti
937 2674 1089 2730 inferebam

284 2750 345 2807 tur,
369 2743 447 2798 modo
460 2760 508 2815 per
520 2742 658 2800 silentium
672 2753 777 2812 vastus,
793 2747 872 2802 modo
886 2747 1034 2820 'ploratibus
1045 2750 1089 2804 iri-

288 2815 381 2887 quies:
402 2817 481 2889 plena
496 2816 572 2874 urbis
585 2819 693 2886 itinera,
714 2822 883 2877 conlucentes
900 2839 948 2894 per
962 2834 1088 2912 campum

288 2891 380 2945 biertis
393 2889 472 2947 faces.
504 2892 570 2949 'Illic
583 2893 663 2950 miles
674 2910 738 2951 cum
751 2897 846 2964 ermis,
862 2898 921 2952 sine
935 2897 1089 2972 insigmbus

190 2984 198 2990 ’
288 2966 474 3048 magistratus,
490 2968 608 3040 populns
620 2987 669 3043 per
682 2971 783 3038 tribus,
800 2976 941 3028 conuellere
955 2975 1088 3042 rempubl,
