2575 3734
280 467 330 526 ttt
560 473 798 523 nuuanrunr
946 465 1085 540 (maan.

334 577 378 634 28.
399 574 522 632 Manebat
544 573 723 631 nihilominus
745 571 878 646 quaedam
899 574 990 648 imago
1016 575 1087 646 reip.

279 652 349 706 Nam
368 652 437 706 inter
455 649 606 708 Vibullium
623 657 772 722 praetorem
791 655 816 702 et
834 647 923 719 plebei
944 649 1090 703 tribunum
1168 684 1169 687 =

279 726 427 782 Antistium
442 735 530 783 ortum
545 731 694 790 certamen,
709 723 783 796 quod
794 723 959 779 inmodestos
970 723 1090 779 lautores

279 801 456 868 histrionum,
474 808 499 856 et
513 818 528 855 a
542 807 661 872 praetore
670 800 700 854 in
714 795 821 853 vincula
834 797 943 866 ductos,
957 799 1089 854 tribunus

279 877 366 933 omitti
375 876 510 931 iussisset.
549 873 761 946 Gorapmbarere
769 878 868 946 patras,
879 876 1001 928 incusata
1009 872 1090 928 Anti-

279 951 450 1007 stiilioentia.
483 948 570 1004 Simul
580 949 708 1022 prohibiti
717 947 830 1014 tribuni,
840 949 885 1003 ius
898 954 1090 1022 praetorumet

278 1024 423 1082 consulum
432 1025 596 1097 praeripere,
607 1033 655 1079 aut
664 1039 758 1079 meare
766 1040 801 1080 ex
810 1023 899 1090 ltalia,
910 1041 973 1079 eum
984 1024 1089 1097 quibus

279 1099 339 1176 lega
353 1100 396 1174 agi
409 1107 508 1171 posset.
548 1097 658 1154 Addidit
669 1099 701 1154 L.
715 1098 791 1164 Piso,
808 1097 965 1172 designatus
978 1098 1087 1166 consul,

278 1193 312 1231 ue
331 1178 394 1246 quid
412 1179 486 1228 iutra
504 1176 607 1227 domum
622 1191 674 1242 pro
689 1181 816 1243 potestate
834 1179 1089 1229 animadverterent:

278 1267 341 1305 neue
350 1251 459 1302 multam
468 1249 502 1302 ab
512 1252 547 1302 ila
554 1251 652 1303 dictam
662 1257 811 1318 quaestores
820 1253 923 1304 aeraria·
932 1250 1089 1318 inpublicare

279 1327 382 1380 tubulos
396 1331 457 1377 oute
471 1331 585 1392 quotuor
597 1339 695 1377 morarer
706 1328 848 1393 referrent:
867 1327 951 1377 medio
964 1329 1089 1394 amposta

279 1401 467 1454 contradicere
478 1399 566 1452 liceret
570 1417 581 1466 ,·
590 1401 671 1467 deque
679 1413 709 1451 eo
719 1401 836 1452 eonsules
844 1405 996 1452 statuerent.
1035 1397 1088 1454 Co·

278 1472 363 1528 bibita
375 1473 459 1529 artius
469 1480 494 1531 et
504 1470 632 1527 aedilium
642 1479 772 1544 potestas,
784 1480 983 1545 statutumque,
997 1489 1074 1546 quan
1168 1502 1169 1537 1

278 1556 337 1603 tum
351 1547 474 1612 curules,
497 1553 628 1620 quantum
647 1544 735 1618 plebei
751 1548 873 1621 pignoris
884 1554 1022 1620 imperent,
1043 1546 1087 1603 rel
1168 1580 1169 1595 r

278 1637 380 1695 poenae
397 1622 559 1697 inrogarent.
597 1621 637 1676 Eo
655 1619 796 1676 llelridius
815 1623 938 1687 Priscus,
958 1623 1088 1678 tribunus
1168 1662 1169 1673 ,

278 1697 366 1770 plebis
380 1697 510 1754 adversus
524 1694 712 1751 Obultronium
726 1695 873 1762 Sabinum,
893 1697 987 1752 aerarii
1002 1714 1089 1770 quae-
1168 1728 1169 1749 r

278 1781 392 1839 starem,
408 1773 589 1829 contentiones
601 1771 724 1843 proprias
736 1773 870 1838 exercuit,
891 1781 1025 1841 tamquam
1043 1778 1089 1829 saa

278 1851 369 1904 bastae
377 1853 503 1904 aduersus
514 1851 602 1916 inopes
610 1849 775 1901 inclementer
783 1855 898 1916 cuperet.
931 1847 999 1902 Dein
1009 1848 1089 1919 prin-

279 1939 341 1996 ceps
355 1941 448 1980 curam
463 1921 615 1978 tabularum
629 1919 800 1994 publicarum
814 1939 830 1976 a
844 1922 1033 1994 quaestoribus
1053 1921 1088 1978 ad

279 1996 424 2070 praefectos
435 1997 579 2053 transtulit.

334 2075 378 2128 99.
399 2073 479 2128 Varie
492 2072 582 2128 habita
596 2087 627 2127 ac
640 2086 720 2142 saepe
731 2070 861 2126 inmutata
870 2071 930 2126 eius
940 2071 979 2126 rei
988 2069 1086 2127 forma.

232 2177 234 2182 ·
279 2146 348 2201 Nam
364 2145 505 2220 Augustus
524 2147 628 2202 senatui
647 2146 771 2220 permisit
788 2145 905 2220 deligere
923 2145 1086 2218 praelectas:

280 2220 389 2287 deinde,
407 2222 510 2277 ambitu
520 2222 710 2295 suffragiorum
720 2228 858 2293 suspecto,
869 2229 940 2277 sorte
948 2221 1089 2292 duceban-

279 2303 323 2350 tur
338 2312 372 2351 ex
387 2313 500 2352 numero
511 2305 678 2370 praetorum,
694 2297 744 2370 qui
752 2305 914 2368 praeessent.
952 2297 1049 2368 Neque
1059 2295 1089 2351 id

279 2369 327 2424 diu
345 2371 458 2435 mansit,
479 2372 543 2442 quia
562 2389 621 2427 sors
640 2371 778 2426 deerrabat
796 2370 830 2426 ad
847 2388 944 2444 parum
963 2371 1086 2427 idoneos.

279 2444 356 2500 Tunc
366 2443 495 2500 Claudius
505 2453 659 2517 quaestores
667 2461 778 2502 rursum
788 2446 1039 2518 inposuit.iisque,
1052 2463 1088 2502 ne
1168 2450 1169 2463 ¹

279 2528 354 2576 metu
366 2519 545 2577 offensionum
559 2521 671 2594 segnius
684 2521 867 2586 consulerent,
879 2529 952 2576 extra
960 2521 1086 2577 ordinem

279 2594 394 2653 bonores
406 2595 539 2668 promisit,
579 2593 631 2649 Sed
645 2594 734 2650 deerat
746 2596 829 2651 robur
841 2596 933 2650 aetads
947 2612 1011 2651 eum
1029 2597 1088 2669 pri-

280 2687 357 2725 mum
372 2671 555 2745 magistratum
570 2669 780 2741 capessentibus.
820 2671 905 2744 igitur
919 2671 991 2726 Nero
1006 2688 1088 2745 prae·
1168 2714 1169 2721 ,

280 2753 339 2800 tura
348 2744 501 2816 perfunctos
510 2752 536 2800 et
545 2742 709 2816 experientia
718 2744 842 2817 probatos
851 2745 958 2819 delegit.

336 2822 378 2873 30.
399 2821 545 2875 Damnatus
557 2818 655 2874 iisdem
664 2819 1085 2891 oonsulibusVipsaniusLaenas

279 2892 315 2948 ob
328 2891 478 2947 Sardiniam
492 2894 659 2965 provinciam
673 2909 753 2950 avare
768 2892 896 2949 habitam.
936 2893 1085 2949 Absolutus

280 2965 386 3023 Cestius
395 2967 524 3024 Proculus
538 2968 763 3041 repetundarum,
779 2968 935 3023 cedentibus
948 2978 1087 3026 accusato-
