2575 3734
123 450 124 456 ¹
187 471 314 547 ιω.)
398 480 784 529 matresua-rr.
938 479 984 532 tot

186 582 276 655 trqm
288 579 327 640 eb
338 579 368 636 id
379 580 505 642 convictu
518 580 651 652 principis
663 571 825 651 prohibitus,
838 595 900 640 eum
911 585 989 642 senili

185 673 271 713 manu
280 653 384 711 ferrum
392 654 555 720 tentavisset,
565 654 799 728 obligavitveuas:
815 665 990 732 precatusque

185 748 234 804 per
247 728 396 794 codicillos,
410 729 499 786 inmiti
512 729 649 801 rescripto,
661 744 745 786 renas
756 729 872 786 resolvit
910 731 991 788 Acar-

186 806 272 860 ratim
290 821 326 860 ox
344 820 376 860 eo
394 803 502 860 Annius
521 803 615 870 Pollio,
634 802 741 876 Appius
753 802 872 872 Silanus,
892 803 992 864 Scauro

185 881 321 936 uameec
336 876 420 934 umal
435 894 468 934 ao
479 876 579 934 Sabino
592 877 718 946 Calvisio,
739 879 885 936 maiestatis
897 889 991 953 postu·

186 954 288 1020 hntur,
302 959 330 1008 et
342 952 500 1010 Vinicianus
513 951 627 1010 Pollioni
638 953 708 1025 patri
722 952 905 1022 adiiciebatur,
925 955 991 1014 clari

185 1026 570 1104 genus,etquidamsummis
578 1027 736 1085 honoribus.
759 1028 991 1088 Contremuerant·

185 1119 242 1176 qua
250 1109 356 1174 patres,
366 1100 441 1176 (nam
449 1110 549 1174 quattu
558 1103 677 1175 quisque
689 1101 832 1159 adfinitatis
841 1112 888 1161 aut
896 1105 990 1162 amici·

185 1179 240 1234 tiae
248 1183 287 1234 tot
295 1173 454 1232 inlustrium
462 1177 584 1233 virorum
593 1193 690 1248 expers
698 1177 780 1251 erati)
789 1179 818 1234 ni
828 1178 932 1246 Celsus,
943 1197 990 1238 ur-

185 1253 274 1310 banae
282 1250 398 1308 cohortis
407 1251 543 1315 tribunus,
559 1258 618 1306 tum
628 1251 697 1307 inter
707 1251 818 1320 indices,
832 1252 951 1326 Appium
965 1262 991 1311 et

185 1327 339 1384 Calvisium
358 1325 509 1382 discrimini
521 1327 674 1381 exemisset.
714 1324 810 1382 Caesar
823 1328 949 1386 Pollionis
959 1347 990 1386 ao

185 1401 323 1458 Viniciani
337 1399 487 1474 Scaurique
498 1417 633 1465 canuam,
648 1406 679 1458 ut
691 1399 750 1473 ipse
762 1417 826 1458 cum
838 1412 932 1460 senatu
942 1421 990 1462 no-

185 1484 283 1564 sceret,
297 1474 412 1542 dumiit,
425 1475 496 1532 datis
510 1473 676 1548 quibusdam
689 1475 719 1554 in
728 1473 859 1534 &aurum
867 1479 989 1536 tristibus

243 1626 288 1680 to.
308 1623 349 1679 Ne
367 1621 483 1712 feminae
503 1624 615 1713 quidem
636 1632 755 1682 exsortes
773 1623 902 1698 periculi,
923 1628 990 1714 paria

184 1696 991 1846 ttepttttttfflat'ttittttttiatttriti

185 1857 282 1914 mater,
294 1845 426 1920 quodfilii
435 1863 528 1936 necem
537 1847 665 1935 flevisset.
692 1847 763 1936 ilaec
770 1846 843 1935 apud
852 1855 989 1906 senatum:

185 1919 991 2070 eurr,{staturartuturtrrrrrr

185 2091 247 2140 um,
257 2071 385 2128 Rhodum
392 2071 479 2129 secuti
487 2079 514 2128 et
521 2071 595 2143 apud
604 2071 869 2144 Capressindividui.
889 2073 991 2128 Vescu-

185 2147 273 2204 larius
290 2145 452 2203 insidiarum
471 2145 501 2201 in
518 2147 649 2204 Libonem
668 2147 863 2203 internuntius:
888 2149 991 2204 Marino

247 2222 327 2295 icipe,
337 2220 450 2278 Seianus
459 2220 585 2286 Curtium
593 2220 712 2278 Atticum
721 2229 896 2294 oppresserat.
932 2221 991 2290 Quo
1065 2274 1067 2278 .

195 2297 284 2354 aetius
293 2304 442 2368 acceptum,
452 2296 670 2368 sueexemplein
679 2296 843 2354 consultores
853 2297 988 2354 recidisse.

241 2371 294 2428 Per
306 2369 379 2426 idem
392 2378 501 2443 tempus
510 2373 543 2427 L.
552 2371 615 2428 Piso
625 2370 756 2444 pontifex,
776 2388 867 2427 rarum
879 2371 909 2428 in
919 2379 990 2428 tanta

184 2445 356 2512 claritudine,
367 2442 420 2502 iato
428 2444 509 2516 obiit3
524 2445 628 2503 nullius
636 2445 744 2506 servilis
754 2446 991 2518 sententiaespcn-

184 2528 329 2587 teauctor,
344 2527 379 2587 et,
395 2520 520 2594 quotiens
539 2522 684 2580 necemus
697 2522 843 2596 ingrueret,
859 2522 991 2594 sapienter

185 2595 341 2652 moderans.
380 2594 485 2653 Patrem
504 2596 530 2654 ei
549 2597 702 2652 censorium
722 2597 806 2652 [uisse
828 2596 988 2650 memoravi:

185 2679 259 2726 aetas
272 2669 309 2725 ad
320 2669 514 2744 ocageimum
527 2686 630 2725 annum
638 2671 781 2742 processit:
801 2669 884 2728 decus
894 2670 992 2724 trium-

185 2743 267 2818 phale
276 2745 307 2800 in
316 2743 429 2800 Thracia
438 2752 581 2800 meruerat.
599 2743 652 2800 Sed
660 2745 803 2818 praecipua
812 2761 845 2801 ex
855 2760 886 2801 eo
894 2743 989 2820 gioria,

185 2817 261 2892 quod
275 2816 426 2892 praefectus
440 2820 503 2877 urbi
515 2835 609 2876 recens
621 2820 776 2876 continuam
791 2826 954 2891 potestatem,
966 2825 1006 2874 et-

186 2890 332 2950 inaolentia
341 2893 452 2966 parendi
460 2895 622 2969 graviorem.
632 2894 876 2966 miratemperavit

244 2971 287 3024 tt.
308 2967 992 3062 Namqueantea,profectis'domoregibusmoruox
