2575 3734
295 455 345 510 29⁰
579 449 816 504 annuerunt
960 445 1090 530 (nouos.
1161 496 1162 525 ,

294 575 357 632 pam
370 564 396 613 et
405 555 567 613 Antiochum
579 555 704 628 expedire
712 556 812 628 copias,
823 554 887 627 quis
896 553 1052 609 Parthorum
1062 552 1094 607 fi-

294 649 343 688 nes
357 632 427 688 ultro
436 633 577 687 intrarent:
599 630 682 686 simul
694 637 788 702 pontes
797 647 846 701 per
854 645 962 684 amnem
972 627 1094 700 Euphra-
1161 638 1162 653 ¹

294 716 349 764 tem
358 707 444 782 iungi.
483 707 518 762 Et
528 707 659 762 minorem
669 703 824 760 Armeniam
833 701 996 768 Aristobulo,
1009 703 1094 776 regio-

294 799 357 838 nom
363 781 502 854 Sophenen
508 780 638 838 Sohaemo
649 796 713 837 oum
722 778 877 852 insignibus
886 779 968 852 regiis
977 777 1092 832 manda.

293 857 466 929 Exortusqua
474 855 504 911 in
513 863 631 928 tempore
641 853 764 911 aemulus
774 852 911 928 Vologese,
918 851 1094 908 liliusVarda-

295 949 353 988 nes.
362 933 426 1061 belle
440 930 590 986 abscessere
603 929 730 985 Armenia
742 928 843 995 Parthi,
858 936 996 1002 tamquam
1005 924 1095 982 diffes-

296 1014 354 1062 rent
417 1021 474 1059 um.

350 1085 376 1136 8.
397 1077 449 1134 Sed
467 1078 539 1150 apud
557 1085 680 1134 senatum
702 1079 793 1134 omnia
810 1079 840 1133 in
858 1078 947 1133 mains
966 1075 1093 1132 celebrata
1161 1142 1162 1145 Ἴ

295 1163 360 1212 sunt
378 1153 516 1209 sententiis
538 1169 641 1219 eorum,
664 1154 714 1225 qui
728 1151 944 1226 supplicationes,
960 1151 1093 1207 etdiebus
1161 1158 1162 1183 l

295 1228 522 1301 supplicationum
535 1235 637 1283 vestem
655 1227 772 1300 principi
788 1226 993 1299 tn'umphalsm,
1011 1233 1094 1299 utque

294 1321 379 1362 ovans
388 1303 483 1358 urbem
493 1303 582 1368 iniret,
596 1301 754 1378 effigiesque
762 1303 831 1367 eius,
842 1302 900 1374 pari
911 1299 1095 1374 magnitudine

295 1396 326 1435 ao
340 1378 432 1434 Martis
447 1377 555 1444 Ultoris,
571 1377 703 1433 sodomia
712 1375 820 1448 templo,
831 1391 972 1432 censuere:
992 1384 1095 1447 praetor

295 1460 399 1509 suetam
409 1452 587 1509 adulationem
598 1451 669 1518 laeti,
680 1451 754 1525 quod
761 1451 907 1507 Domitium
917 1449 1095 1506 Corbulonem

295 1527 447 1584 retinendae
456 1525 597 1582 Armeniae
604 1534 806 1600 praeposuerat:
817 1525 1013 1598 videbaturque
1021 1523 1096 1580 locus

294 1602 441 1661 virtutibus
450 1601 605 1674 patefactus.
644 1601 742 1672 Copiae
750 1600 867 1669 Orientis
879 1601 917 1655 ita
925 1599 1094 1665 dioidrmtur,

294 1675 1097 1826 illififfliffll’idlal‘lllb‘ililld‘iffi

294 1845 344 1884 una
353 1833 514 1883 remaneret:
526 1843 575 1898 par
584 1827 685 1881 civium
695 1825 883 1899 sociorumque
892 1841 1023 1881 numerus
1032 1824 1097 1881 Cor-

294 1902 389 1960 buloni
403 1907 482 1968 osset,
498 1901 595 1958 additis
608 1900 762 1956 cohortibus
775 1899 890 1974 alisque,
905 1917 976 1974 quae
983 1899 1014 1954 in
1026 1900 1097 1972 Cap-

295 1977 405 2050 padocia
419 1977 581 2032 hiemabant.
615 1974 686 2032 Socii
695 1993 781 2050 reges,
792 1984 873 2048 prout
885 1974 955 2031 bello
963 1974 1099 2032 condnoe-

295 2059 344 2117 ret,
364 2068 457 2123 parere
475 2052 554 2107 iussi.
593 2049 646 2106 Sed
664 2050 753 2107 studia
769 2067 862 2106 eorum
874 2051 903 2105 in
917 2049 1099 2106 Corbulonem

294 2126 458 2199 promptiora
477 2133 564 2182 erant:
585 2127 644 2199 qui,
667 2134 698 2182 ut
712 2125 798 2182 lamae
810 2125 959 2190 inserviret,
981 2142 1055 2198 quae
1069 2126 1099 2181 in

295 2201 373 2258 novis
387 2201 486 2271 coeptis
500 2201 667 2257 validissima
680 2209 729 2268 est,
743 2200 1099 2273 iomspmperacontecto.

296 2274 368 2346 apud
386 2274 498 2348 Aegeas,
519 2275 652 2331 civitatem
666 2275 788 2341 Ciliciae,
803 2275 914 2331 obvium
929 2273 1101 2342 Quadratum

296 2349 399 2414 babuit,
416 2349 482 2404 illuc
494 2367 677 2424 progressum,
690 2367 734 2416 no,
750 2351 775 2406 si
785 2343 996 2422 adaooipiendas
1004 2351 1102 2423 copias

190 2427 194 2440 '
296 2423 401 2498 Syriam
410 2423 564 2480 intrauisset
572 2423 697 2491 Corbulo,
708 2425 830 2480 omnium
839 2426 1101 2491 orainssvcrtmet,

295 2514 403 2570 corpore
416 2499 522 2571 ingens,
537 2499 628 2554 vorbis
637 2499 806 2574 magnificus,
817 2507 852 2566 st,
863 2517 946 2572 super
955 2501 1103 2573 experien-

294 2574 360 2628 tiam
370 2573 592 2646 sapientiamque,
604 2574 684 2630 etiam
693 2575 782 2646 speoio
789 2575 913 2631 inanium
923 2573 1043 2632 validus.

350 2651 376 2704 9.
396 2647 521 2704 Ceterum
534 2655 648 2720 uterque
658 2647 805 2723 Vologesen
818 2666 910 2724 Qum
923 2650 1032 2719 nuntiis
1040 2667 1103 2707 mo-

295 2721 402 2790 nebant,
415 2740 508 2792 paosm
521 2740 600 2793 qatom
612 2725 706 2777 ballam
718 2727 815 2790 mallet,
825 2729 1101 2796 dotisqrrsobstdsbuo,

294 2800 399 2851 solitam
414 2801 549 2865 prioribus
572 2801 743 2853 revocatione
763 2803 793 2854 to
807 2804 934 2868 ρορυὶαω
952 2802 1104 2856 Ronaomtm

296 2873 466 2926 continuerat.
504 2872 538 2927 Et
549 2871 704 2945 Vologeses,
721 2889 777 2944 qno
790 2872 892 2930 bellum
909 2892 944 2930 ox
956 2875 1104 2931 oemrnodo

296 2951 408 3015 pararet,
422 2961 457 3000 an
470 2953 501 3002 ut
515 2945 700 3004 aemulationis
710 2955 848 3020 suspectos
857 2966 905 3023 per
913 2966 1010 3006 nomen
1023 2951 1104 3007 obsi·
