2575 3734
303 477 352 534 226
578 483 818 531 summust

302 583 448 640 ablimiue.
472 579 517 637 Sia
526 581 650 638 Tiberius
659 582 757 650 finivit,
769 590 861 641 ootavo
870 590 897 639 et
906 584 1107 659 septuagesimo

302 660 482 715 aetatisauuo.

357 737 400 789 et.
421 733 496 786 Pater
515 731 540 786 ei
554 731 633 796 Nero,
654 737 681 786 at
692 732 830 804 utrimque
842 734 918 806 origo
925 733 1013 806 gentis
1023 731 1109 789 Clau·
1165 752 1166 797 i

302 807 371 873 diae,
385 822 551 880 quamquam
561 816 645 860 mater
653 807 684 861 io
693 807 799 862 Liviam
811 814 838 861 et
846 823 910 862 mox
918 807 1015 862 luliam
1025 807 1109 863 fami·
1165 822 1166 867 i

301 882 367 939 liam
378 880 565 952 adoptionibus
574 881 718 936 transimit.
755 879 840 936 Casus
849 882 938 953 prima
947 882 981 937 ab
991 881 1108 937 infautia

302 957 440 1028 ancipites.
479 955 548 1010 Nam
566 955 747 1028 proseriptum
765 962 868 1026 patrem
886 955 964 1012 exsul
982 965 1105 1023 saoutus,

302 1033 350 1087 ubi
359 1031 471 1086 domum
480 1027 596 1101 Augusti
605 1029 748 1103 privignus
758 1030 868 1094 introiit,
882 1030 976 1085 multis
988 1029 1107 1086 aemulis

302 1104 466 1162 oonfliotatus
480 1110 530 1168 est,
545 1097 612 1158 dum
622 1103 763 1159 Marcellus
772 1112 799 1159 et
807 1102 935 1177 Agrippa,
947 1122 1012 1161 mox
1021 1104 1107 1161 Caius

302 1181 458 1250 Luciusque
467 1176 602 1266 Qaesmes,
613 1178 733 1251 viguere.
771 1178 860 1233 Etiam
875 1180 955 1234 trater
965 1180 1024 1234 aius
1033 1181 1107 1234 Dru-

302 1252 1108 1400 tdidtdsstdititttdtttdtftzitta?

266 1435 268 1440 ·
302 1419 346 1457 am
359 1401 452 1458 uxoris
466 1400 590 1467 tolerans,
606 1409 652 1456 aut
664 1401 810 1456 declinans.
849 1403 949 1457 Deinde
960 1403 1052 1459 Rhodo
1061 1421 1107 1459 ra—

301 1494 426 1551 gressus,
450 1492 549 1531 vacuos
572 1476 703 1546 principis
722 1476 832 1531 Pouates
850 1476 991 1532 duodecim
1011 1479 1104 1544 anuis,

302 1569 366 1608 mox
378 1552 417 1608 rei
426 1551 560 1606 Romanae
573 1550 714 1604 arbitrium
724 1550 811 1605 tribus
822 1549 905 1606 ferme
914 1559 940 1606 et
948 1553 1046 1625 viginti
1054 1553 1106 1608 ob-

302 1628 391 1682 tinuit.
431 1627 537 1682 Morum
550 1641 660 1697 quoquo
672 1632 791 1696 tempora
803 1624 844 1680 iili
856 1625 978 1682 diversa:
998 1629 1106 1701 egregi-

301 1719 350 1757 um
363 1703 418 1758 vita
432 1699 566 1773 famaque,
581 1699 671 1771 quoad
681 1699 814 1771 privatus,
828 1699 870 1755 vel
880 1701 910 1755 in
918 1701 1041 1772 imperiis
1051 1703 1106 1757 sub

301 1779 424 1852 Augusto
434 1773 498 1830 tuit:
515 1773 649 1830 oooultum
659 1773 843 1830 aesubdolum
854 1774 986 1850 fingendis
998 1777 1106 1832 virtuti·
1165 1792 1166 1801 ¹

301 1852 363 1917 bus,
379 1852 462 1908 douae
472 1849 649 1906 Germanicus
661 1866 692 1905 ao
704 1849 809 1904 Drusus
823 1849 988 1920 superfuere.
1028 1851 1105 1906 ldem

301 1929 371 1982 iuter
384 1926 453 1980 bona
468 1922 592 1995 malaque
605 1922 863 1990 mixtusiuooiumi
874 1933 972 1981 matre:
992 1926 1106 1980 intesta-
1166 1938 1167 1999 1

300 2001 365 2057 bilis
385 1998 504 2064 saevitia,
526 1998 573 2053 sed
586 1997 697 2054 obteotis
709 1997 878 2064 libidinibus,
898 1999 965 2055 dum
975 1998 1105 2057 Seianum
1166 2022 1167 2071 }

301 2072 396 2130 dilexit
405 2071 836 2150 timuitvazpostramoinsoelera
844 2073 928 2130 simul
938 2075 1105 2132 aodadeoora
1166 2096 1167 2103 ¹

300 2149 432 2220 prorupit,
439 2147 808 2221 postquam,remotopudora
816 2155 930 2217 amatu,
940 2158 1105 2207 suotantum

300 2224 409 2297 ingenio
418 2221 551 2278 utebatur.
