2575 3734
176 478 301 551 unsel
386 488 465 532 ern,
485 486 540 537 xv.
561 488 651 537 car.
671 489 711 536 to.
732 490 774 533 11.
929 487 979 541 tot

177 574 204 645 et
214 586 408 645 eludiPnrtbus
418 594 503 643 tractu
511 586 978 659 bellipoterausirsetoautinsnis,

178 662 226 721 aut
235 663 265 720 in
277 662 372 720 alienis
382 661 510 727 masiliis,
524 662 670 719 constantin
680 661 784 720 luisset.
808 663 919 732 Verum,
931 668 979 723 ubi

177 756 195 793 a
209 738 277 795 viris
296 736 458 795 militaiibus
476 736 605 793 adversus
623 745 749 811 urgentes
766 754 845 795 nesus
858 738 980 797 &matus

177 820 245 877 erat,
260 828 368 877 rursus,
383 828 417 867 ne
430 810 531 869 alienae
544 812 688 869 sententiae
700 812 825 885 indigens
834 813 978 880 rideretur,

178 889 209 941 in
223 887 331 942 diversa
343 903 374 941 ao
387 885 513 941 deteriora
526 886 664 942 transibat.
702 887 736 941 Et
745 897 818 953 tuno,
829 886 929 949 relictis
937 889 981 944 bi-

177 962 282 1027 bernis,
293 966 449 1031 nausearum
457 978 538 1029 unque
547 964 645 1017 nullum
653 964 712 1023 eibi,
723 966 769 1016 sed
779 978 890 1031 corpora
899 971 924 1018 et
933 981 980 1019 nr-

178 1054 225 1091 ma
242 1041 271 1091 ἐπ
289 1038 383 1091 hortem
400 1039 465 1091 doto
482 1034 635 1101 clamitans,
654 1035 734 1091 duxit
751 1034 882 1110 legiones,
899 1038 980 1109 quasi

177 1109 446 1182 pmeliooertatnrus.
485 1110 594 1176 Deinde,
608 1110 708 1166 ambso
716 1111 980 1183 eenturioneetpau-

177 1186 218 1241 nis
233 1184 376 1250 militibus,
392 1202 461 1257 qnos
471 1184 590 1243 visendis
604 1184 723 1242 bostium
736 1186 821 1259 oopiie
834 1188 981 1258 praemise-

177 1266 228 1325 rat,
245 1259 366 1331 trepidus
380 1260 517 1315 remeavit.
556 1258 603 1324 Et,
618 1260 683 1331 quia
697 1260 789 1315 minus
798 1261 980 1317 aerituVolo·

177 1350 257 1408 genes
270 1334 490 1399 instituentem
503 1351 599 1389 rursus
609 1332 716 1399 fiducia,
729 1336 781 1389 tria
790 1334 875 1391 millia
883 1336 979 1393 delenti

177 1408 278 1481 peditis
286 1410 409 1480 proximo
418 1408 500 1465 Tauri
509 1409 573 1483 iugo
582 1408 710 1480 inposuit,
721 1426 776 1481 quo
785 1411 926 1467 transitum
936 1429 979 1467 re·

178 1486 222 1557 gis
231 1490 362 1539 arcerent:
375 1482 459 1539 aleres
467 1483 977 1557 quoquePenuonios,robnrequitatus‚

178 1560 209 1613 in
226 1565 301 1630 parte
319 1559 408 1630 onmpi
426 1557 502 1613 locat.
541 1557 914 1625 Coniunxnnliliusonstello,
933 1560 979 1615 oui

178 1634 347 1689 Arsamosata
360 1649 458 1690 nomen
471 1638 520 1697 est,
536 1632 629 1698 abditi,
643 1632 703 1688 data
716 1634 746 1689 in
759 1632 922 1705 praesidium
934 1651 980 1689 oo-

179 1708 265 1773 horte,
279 1724 309 1763 uo
321 1707 442 1779 disperso
458 1706 551 1773 milite,
567 1706 626 1779 qui,
641 1706 671 1763 in
684 1706 866 1774 unobnbitus,
881 1725 978 1782 vagum

178 1783 282 1855 hostem
296 1783 447 1855 promptius
460 1774 671 1837 sustebtavisset.
710 1780 796 1856 deme
808 1782 978 1855 compulsum

122 1840 123 1927 l
177 1856 279 1923 ierunt,
291 1864 323 1913 ut
335 1857 479 1913 instantem
496 1854 639 1913 Corbuloni
654 1854 786 1917 fateretur.
824 1855 978 1914 Nesaeos.

122 1930 123 1955 ³
177 1930 279 1987 hutone
292 1938 471 2003 emersam.
485 1948 549 2003 quo,
564 1930 739 2005 grimuinus
749 1931 886 2003 pauculis,
897 1933 978 1987 essm

177 2004 297 2061 subsidii
311 2004 370 2062 laus
384 2012 534 2081 augeretur.
572 2004 701 2077 Expediri
714 2013 802 2061 tamen
818 2007 907 2063 itineri
920 2008 978 2063 sin·

122 2096 123 2101 ¹
178 2079 244 2155 gula
253 2079 339 2138 rnillia
352 2080 482 2137 extribus
492 2078 653 2155 legionibus,
663 2079 975 2156 etolariosontingentoe,

178 2172 426 2228 peremnumerum
437 2154 624 2221 enehortibus,
634 2156 723 2214 iussit.

236 2234 277 2286 ll.
298 2230 333 2286 At
341 2229 493 2305 Vologeses,
506 2230 642 2303 quemvis,
653 2229 761 2285 obsessa
772 2230 874 2286 al’eeto
883 2230 978 2287 itinera

178 2306 246 2363 bino
260 2304 389 2377 peditatu,
410 2304 473 2361 inde
490 2306 590 2377 equita,
610 2304 767 2376 recepisset,
788 2303 858 2361 nibil
877 2313 978 2361 mutato

177 2379 299 2446 oonsilio,
320 2379 369 2436 sed
381 2380 409 2436 vi
424 2396 454 2435 ae
468 2379 550 2435 minis
568 2378 653 2435 nlares
663 2380 800 2446 exterruit,
820 2378 978 2455 legionarios

177 2455 296 2520 obtrivit,
312 2472 367 2511 uno
380 2462 484 2511 tantum
497 2456 660 2519 oeutnrione,
677 2452 814 2527 TarquitIo
827 2454 976 2518 Cresoente,

177 2531 285 2596 turrim,
305 2530 408 2601 inqua
426 2529 589 2601 praesidium
608 2529 731 2601 agitabat,
746 2528 887 2586 defendere
900 2544 975 2594 anso,

176 2604 245 2661 faeta
254 2604 519 2677 saepiuseruptione,
531 2611 556 2658 et
565 2604 663 2668 eaesis,
674 2606 723 2677 qni
732 2603 906 2661 barbarorum
914 2620 977 2675 pro-

177 2681 240 2752 pius
250 2678 499 2753 suggrediebantur,
513 2678 596 2733 donee
604 2678 711 2751 ignium
719 2679 790 2735 iaetu
798 2678 977 2734 circumveni-

177 2763 259 2811 retur.
300 2752 424 2809 Peditum
442 2754 467 2809 si
485 2754 549 2825 quis
568 2753 679 2825 integer,
699 2752 845 2827 longinqua
863 2760 891 2813 et
900 2753 974 2816 avitu

179 2826 311 2885 vulnerati
324 2835 409 2883 eastre
423 2828 567 2901 repetivere
574 2848 585 2898 ε,
602 2829 728 2885 virtutem
743 2824 824 2900 regis,
837 2829 975 2883 saevitiam

177 2904 303 2974 etoopias
315 2903 448 2977 gentium,
464 2910 558 2958 cuneta
572 2910 645 2957 metu
659 2900 822 2967 extollentes,
838 2899 973 2959 faciliore

177 2976 400 3046 nullataenus,
411 2978 460 3052 qui
470 2976 562 3033 eadem
571 2976 711 3049 pavebant.
750 2976 856 3033 Nednx
864 2976 973 3052 quidem
