2575 3734
308 503 357 556 rto
589 501 825 552 inunctum
968 490 1118 566 (auaro.

307 623 407 737 qqreque
421 604 594 663 Claudiorum
606 604 724 679 effigies,
744 601 934 677 longoordine
955 608 1123 674 spectaren-

365 759 407 812 i0.
427 755 459 810 in
468 754 592 810 tradenda
602 762 685 810 morte
694 753 788 818 Drusi,
805 768 874 824 quae
882 750 1010 822 plurimis
1020 751 1122 806 maxi-

308 848 406 903 meque
415 830 476 884 fidis
485 830 637 885 auctoribus
647 835 790 884 memorata
798 834 871 892 aunt,
883 825 975 881 retuli:
993 823 1045 880 sed
1057 843 1121 881 non

307 905 446 962 omiserim
464 903 619 960 eorumdem
637 912 787 976 temporum
810 919 960 966 rumorem,
985 898 1128 958 validum*

309 980 387 1045 adeo,
403 987 433 1033 ut
448 978 567 1033 noudum
578 977 720 1034 exolescat:
744 977 874 1044 Corrupto
883 978 1010 1030 adseclas
1020 975 1118 1039 Livia,

308 1055 431 1111 Seianum
440 1054 524 1122 Lyqdi
533 1071 632 1123 quoquo
640 1057 763 1121 madonis
775 1057 891 1106 animum
903 1059 993 1118 atuprn
1003 1055 1120 1104 uinaria-

307 1146 349 1184 se:
368 1132 473 1197 quodie
486 1137 571 1182 artato
584 1137 662 1197 atque
675 1133 760 1198 {muta
770 1144 848 1184 carue
857 1130 972 1188 domino,
988 1129 1121 1194 interque

306 1208 435 1273 primores
446 1207 578 1258 miniatem
586 1212 651 1258 erat.
669 1233 671 1238 ·
690 1203 800 1266 Deinde,
811 1207 879 1256 inter
889 1204 1003 1255 tenacior
1013 1202 1062 1254 ubi
1074 1203 1120 1254 lo-

203 1346 206 1352 ·
310 1295 355 1332 oue
364 1280 479 1347 mneficii
489 1286 635 1348 temporquo
645 1281 785 1346 componito
794 1281 854 1340 sint,
866 1293 895 1330 eo
907 1279 1037 1330 audaciae
1044 1292 1120 1342 pro-

308 1361 582 1417 moruncurten,
593 1362 625 1417 et,
636 1355 736 1408 occulto
745 1355 843 1407 indicio
852 1352 967 1406 murum
978 1355 1076 1405 veneni
1088 1355 1120 1405 in

306 1436 409 1495 patrem
417 1445 541 1496 arnum,
552 1429 665 1483 moneret
676 1429 818 1491 Tiberium,
829 1429 962 1481 vitandum
968 1427 1118 1493 potinum,

309 1519 376 1571 quoe
391 1507 480 1570 primo
498 1506 536 1564 ei,
554 1506 626 1570 opud
639 1505 722 1571 titium
736 1504 865 1570 aputanti,
880 1505 1028 1571 offeruntur.
1072 1501 1120 1554 Ea

309 1581 403 1636 tratur
410 1585 463 1630 tum
470 1586 703 1646 impotentiam
711 1581 855 1632 cortoivium
863 1579 966 1639 inierat,
973 1583 1120 1643 occeptum

309 1654 430 1721 poculum
438 1653 526 1708 Draco
535 1655 687 1720 tractionem
697 1661 775 1720 atque
784 1654 831 1706 illo
843 1655 949 1720 iqncro,
968 1658 992 1704 rt
1005 1654 1119 1704 iuveni-

311 1730 372 1782 liter
390 1729 537 1791 baunonia,
557 1735 663 1782 auctam
680 1729 863 1794 suspicionem,
890 1735 1022 1794 tamquam
1040 1734 1118 1779 metu

311 1813 335 1857 et
347 1807 446 1871 pudore
458 1806 558 1858 eibicwt
569 1805 703 1872 intonaret
715 1810 834 1867 nortem,
858 1819 935 1870 quam
947 1804 1021 1869 patri
1038 1808 1119 1872 etru-

310 1886 397 1932 ecerut.
416 1929 419 1934 .

360 1953 410 2020 ss·
430 1953 499 2006 Haec
513 1950 595 2025 vulgo
609 1955 715 2017 iactata,
730 1967 810 2022 super
824 1949 866 2014 id,
887 1948 960 2020 quod
971 1945 1048 2003 nullo
1061 1966 1117 2003 au-

311 2034 381 2080 otore
390 2034 460 2080 certo
469 2026 618 2092 firmantur,
629 2035 750 2099 prompta
760 2024 925 2080 refutaveris.
958 2021 1026 2090 Quis
1036 2025 1116 2078 enim

312 2099 438 2154 mediocri
447 2100 601 2170 prudentia,
614 2102 715 2156 nedum
726 2100 862 2165 Tiberius,
878 2099 957 2154 tantis
970 2097 1053 2154 rebus
1063 2116 1117 2154 ex-

312 2175 420 2238 ercitus,
431 2174 549 2229 inaudito
560 2175 615 2230 filio
624 2177 737 2231 exitium
746 2174 857 2240 offerret,
864 2174 946 2246 idque
954 2190 1004 2228 sua
1013 2190 1114 2239 manu,

312 2256 338 2302 et
351 2247 426 2302 nullo
440 2246 474 2302 ad
486 2250 675 2319 poenitendum
690 2248 830 2322 regressui
848 2246 1017 2320 Quinpotius
1027 2249 1116 2303 mini-

312 2333 398 2386 strum
408 2324 504 2378 veneni
514 2325 689 2389 excruciaret,
704 2331 836 2379 auctorem
849 2325 1013 2396 exquireret,
1029 2324 1116 2378 insita

312 2398 443 2468 denique,
457 2397 537 2452 etiam
547 2399 576 2452 in
586 2407 738 2464 extraneos,
754 2400 918 2456 cunctatione
928 2406 1051 2463 etmora,
1064 2399 1116 2454 ad-

311 2490 421 2528 versum
436 2472 562 2536 unicum,
583 2481 609 2527 et
626 2471 729 2528 nullius
749 2483 808 2528 anta
827 2472 920 2548 flagitii
932 2481 1113 2546 compertum,

312 2556 439 2604 uteretur.
478 2546 544 2605 Sed.
564 2548 629 2620 quia
642 2546 754 2604 Seianus
767 2547 914 2605 facinorum
928 2549 1051 2604 omnium
1068 2567 1117 2603 re-

312 2631 400 2696 pertor
409 2623 565 2688 habebatur,
577 2641 611 2678 ex
619 2623 703 2677 nimia
713 2623 817 2678 caritate
825 2625 855 2679 in
866 2641 928 2679 oum
939 2623 1071 2689 Caesaris,
1087 2632 1116 2678 et
1168 2645 1169 2684 1

313 2707 458 2755 ceterorum
468 2699 497 2752 in
507 2704 653 2769 utrumque
665 2697 738 2764 odio,
754 2700 879 2772 quamvis
894 2698 1013 2754 sabulosa
1026 2706 1055 2753 et
1068 2699 1116 2754 in·

314 2775 403 2828 mania
412 2773 596 2838 credebantur,
612 2775 736 2828 atrociore
749 2791 855 2846 semper
868 2773 938 2828 fama
951 2791 1013 2847 erga
1022 2773 1116 2828 domi·-

313 2850 436 2902 uantium
447 2849 545 2902 exitus.
584 2847 655 2906 Ordo
669 2848 769 2922 alioqui
778 2850 900 2915 sceleris,
915 2867 963 2921 per
972 2850 1114 2920 Apicatam

314 2919 403 2978 Seiani
412 2922 546 2993 proditus,
558 2927 695 2980 tormentis
704 2925 819 2980 Eudemi
828 2943 859 2980 ac
867 2923 954 2998 Lygdi
964 2922 1114 2996 patefactus

314 3006 362 3052 est.
401 2997 495 3070 Neque
508 2998 658 3072 quisquam¹
668 3001 778 3072 scriptor
792 3009 846 3056 tum
860 2999 982 3056 infensus
998 2999 1113 3065 exstitit,
