2575 3734
283 523 333 578 258
409 561 413 570 ·
562 529 798 577 ANNALIUM
945 520 1080 592 (a.o.8ot.
1133 591 1136 594 ⁴

309 639 312 645 '
340 633 380 686 i6.
401 631 477 686 Tune
486 631 631 703 composito
640 630 747 702 agmine
760 627 900 697 ineeduut3
921 625 1085 682 euiusiron-

283 714 336 760 tem
351 712 376 760 et
389 712 461 778 terga
476 705 581 771 Adorei,
598 706 685 759 media
695 704 815 758 cohortes
824 710 850 758 et
857 701 1002 774 Bosporani
1011 708 1087 755 tuta·

282 781 389 844 bantur,
405 782 504 834 nostris
518 781 546 833 in
561 780 654 833 armis.
693 777 737 832 Sio
746 777 946 849 pulsushostis,
957 783 1087 830 ventum-

283 872 337 926 que
346 853 450 919 Sozam,
461 851 591 925 oppidum
601 852 770 915 Dandaricae,
782 851 855 925 quod
864 852 999 909 dmertum
1008 851 1087 906 anti-
1169 914 1170 917 Ἰ

282 927 405 994 thridate,
416 928 451 983 ob
460 927 601 1000 ambiguos
611 926 782 998 popularium
792 926 896 981 animos
906 925 1087 990 obtineri,re-
1169 934 1170 943 ¹

282 1003 344 1058 licto
358 1002 397 1058 ibi
412 999 553 1073 praesidio,
569 1003 670 1055 visum.
709 1001 781 1055 Exin
795 1001 825 1055 in
839 999 942 1055 Siracos
954 1007 1083 1072 pergunt,

283 1087 308 1131 et
323 1076 482 1149 transgressi
497 1091 604 1130 amnem
619 1074 746 1138 Pandam,
760 1075 974 1130 circumveniunt
986 1073 1086 1128 urbem

282 1151 382 1222 Uspen,
405 1149 502 1204 editam
516 1147 583 1214 loco,
604 1157 630 1204 et
641 1148 784 1205 moenibus
797 1165 828 1204 ao
841 1147 921 1203 fossis
933 1149 1083 1224 munitam3

282 1225 336 1280 nisi
349 1223 423 1295 ‘quod
437 1225 551 1290 moenia,
567 1241 620 1280 non
633 1241 708 1289 saxo,
723 1223 770 1278 sed
783 1223 900 1278 cratibus
908 1229 934 1277 et
943 1223 1084 1288 vimentis,

282 1316 313 1354 ao
323 1297 409 1352 media
420 1297 513 1365 humo,
520 1297 663 1353 adversum
672 1299 857 1370 inrumpentes
867 1296 983 1353 invalida
992 1305 1084 1352 mant:

283 1372 444 1444 eductaeque
454 1371 639 1438 altiusturres,
647 1371 750 1444 facibus
759 1373 930 1445 atquehastis
939 1372 1086 1426 turbabant
1169 1400 1170 1405 κ

283 1446 419 1503 obsessos:
441 1464 480 1513 ao,
496 1449 525 1502 ni
540 1445 672 1518 proelium
687 1464 740 1502 nox
752 1447 912 1512 diremisset,
928 1455 1020 1518 coepta
1033 1463 1086 1518 pa·

282 1529 403 1593 trataque
412 1523 572 1595 expugnatio
582 1521 697 1575 eundem
706 1522 774 1576 intra
785 1521 856 1576 diem
871 1521 945 1577 toret

338 1597 379 1651 tr.
400 1595 506 1651 Postero
515 1597 613 1650 misere
625 1594 734 1668 lemos,
748 1597 853 1650 veniam
864 1595 955 1650 liberis
965 1597 1086 1668 corpori-

281 1669 334 1725 bus
348 1681 465 1726 orantes:
487 1670 588 1726 servitii
603 1669 694 1724 decem
710 1669 795 1724 millia
813 1671 964 1726 offerebant.
1003 1670 1084 1737 Quod

283 1747 415 1816 aspernati
424 1751 488 1801 sunt
497 1745 619 1809 victores,
631 1745 697 1816 quia
706 1744 838 1800 trucidare
846 1745 947 1800 deditos
957 1761 1081 1810 saevum,

282 1829 381 1875 tantam
396 1819 596 1876 multitudinem
615 1818 733 1874 custodia
748 1821 854 1893 cingere
866 1820 995 1874 arduum:
1016 1818 1084 1874 beili

281 1896 371 1967 potius
381 1897 440 1950 iure
454 1894 584 1950 caderent.
624 1895 774 1965 Datumque
788 1895 929 1959 militibus,
944 1895 993 1967 qui
1001 1893 1083 1949 scalis
1169 1950 1171 1964 ι

282 1977 428 2035 evaserant,
441 1969 550 2042 signum
563 1967 661 2023 caedis.
699 1968 812 2024 Excidio
821 1969 984 2040 Uspensium
993 1977 1084 2024 metus

282 2044 375 2098 ceteris
388 2044 512 2109 iniectus,
533 2040 602 2097 nihii
616 2050 705 2098 tutum
719 2043 794 2109 ratis,
813 2061 877 2098 oum
887 2061 970 2109 arma,
990 2045 1085 2098 muni-

1169 2024 1171 2069 i

282 2125 380 2182 menta,
393 2117 515 2188 impediti
525 2117 567 2172 vel
577 2117 724 2173 eminentes
734 2115 794 2182 loci,
809 2134 956 2191 amnesque
966 2119 1089 2173 eturbee
1169 2170 1170 2175 ,

283 2194 356 2245 iuxta
365 2199 610 2264 perrumperentur.
645 2193 729 2266 Igitur
739 2193 870 2258 Zorsines,
882 2193 929 2248 diu
939 2195 1082 2264 pensitato,

282 2264 475 2320 Mithridatisne
488 2265 569 2320 rebus
580 2268 716 2332 extremis,
730 2284 764 2321 an
774 2268 859 2339 patrio
867 2285 950 2341 regno
959 2267 1085 2323 consuto·
1169 2300 1170 2331 r

282 2347 333 2408 ret;
353 2347 496 2412 postquam
504 2339 653 2410 praevaluit
661 2341 770 2414 gentilis
779 2341 890 2408 utititas,
901 2342 970 2397 datis
979 2342 1085 2397 obsidi-

281 2415 344 2480 bus,
360 2413 432 2486 apud
445 2413 560 2488 effigiem
576 2413 697 2481 Caesaris
710 2416 865 2486 procubuit,
887 2433 984 2491 magna
997 2417 1085 2490 gloria

281 2489 413 2544 exereitus
427 2489 549 2553 Romani,
564 2506 647 2562 quem
661 2491 831 2546 incruentum
846 2499 872 2545 et
880 2492 1018 2556 victorem,
1034 2493 1085 2546 tui-

281 2563 329 2618 dui
342 2564 437 2619 itinere
450 2563 568 2619 abfuisse
583 2564 617 2618 ab
630 2581 710 2619 amno
724 2566 806 2619 Tanai
823 2566 948 2620 constitit.
987 2564 1041 2620 Sed
1053 2567 1084 2620 in

281 2655 405 2710 regressu
419 2633 509 2710 dispar
524 2637 628 2694 fortuna
645 2637 710 2707 fuit3
732 2640 796 2710 quia
812 2641 925 2696 navium
938 2639 1083 2711 quasdam,

281 2727 351 2781 quae
364 2713 433 2767 mari
447 2712 607 2777 remeabant,
623 2714 652 2767 in
668 2711 744 2768 litora
758 2714 908 2770 Taurorum
919 2712 1085 2768 delatasoir-

281 2801 441 2839 cumvenere
449 2785 564 2852 barbari,
570 2787 700 2858 praefecto
709 2788 825 2845 cohortis
837 2797 863 2846 et
871 2788 1010 2862 plerisque
1018 2805 1084 2844 oen·

280 2857 417 2912 turionum
431 2859 583 2914 interiectis.

337 2934 378 2985 48.
398 2932 497 2988 Interea
516 2933 691 3000 Mithridates,
713 2935 787 2992 nullo
806 2934 835 2992 in
850 2940 933 2993 armis
947 2928 1082 3006 subsidio,

281 3004 508 3070 consultat,'onius
520 3008 729 3066 misericordiam
739 3014 912 3082 experiretur.
929 3014 1021 3067 Frater
1029 3013 1085 3069 Co-
