2575 3734
250 489 310 542 'tto
539 493 775 539 annuarum
922 489 1058 558 (auru.
1155 537 1159 571 r

260 609 319 654 tum
332 593 454 665 exemplo
467 593 594 665 Lepidus,
609 609 776 664 quamquam
784 594 914 664 pecuniae
925 571 1058 668 modicus,
1158 596 1159 602 ’

258 673 363 730 avitum
372 669 456 724 decus
467 667 585 724 recoluit.
606 667 641 722 At
649 668 770 738 Pompeii
779 667 921 733 theatrum,
933 669 998 741 igne
1007 668 1061 723 lor·
1150 687 1159 722 ;,

260 749 327 803 tuito
337 744 477 808 haustum,
493 742 589 798 Caesar
603 750 803 797 exstructurum
814 739 949 813 pollicitus
964 750 1014 808 est,
1031 761 1062 798 eo
1152 763 1159 798 t

260 821 335 895 qnod
349 835 427 874 nemo
440 835 456 871 e
467 815 569 872 familia
583 816 755 872 restaurando
768 815 914 886 sufficeret;
936 827 1063 894 manento

260 906 349 952 tamen
359 892 467 948 nomine
476 892 604 963 Pompeii.
643 890 731 946 Simul
741 890 865 1020 lqudibus
875 890 1003 947 Seianum
1013 911 1062 948 ex-

260 971 331 1035 tulit,
344 978 475 1036 tamquam
485 969 572 1021 labora
580 971 753 1036 aiqilaatr'aqu
780 970 835 1020 eius
846 975 919 1021 tanta
928 972 968 1021 ais
980 985 1062 1022 artam

261 1051 334 1100 intra
351 1047 474 1096 damnum
492 1045 609 1096 stetisset.
647 1041 681 1095 Et
701 1057 827 1095 censuere
841 1048 929 1112 patres
938 1040 1062 1114 ,effigiem
1150 1093 1157 1099 .

262 1119 366 1181 Seiano,
377 1131 447 1192 qnae
455 1115 528 1186 apud
536 1113 669 1169 theatrum
679 1115 797 1188 Pompeii
808 1113 946 1170 locaretur.
966 1117 1064 1188 Neque
1151 1150 1154 1173 t

262 1192 347 1248 multo
356 1197 417 1262 post
423 1188 530 1255 Caesar,
542 1207 604 1243 cum
614 1189 723 1245 lunium
733 1189 866 1254 Blaesum,
873 1189 1063 1262 proconsulem

262 1267 376 1330 Africae,
390 1263 523 1336 triumphi
535 1263 690 1338 insignibus
703 1263 838 1330 attolleret,
855 1265 918 1318 dare
931 1266 960 1321 id
975 1283 1005 1321 se
1020 1265 1064 1320 di·
1154 1275 1159 1300 ³

262 1343 303 1397 xit
311 1340 406 1395 honori
415 1338 514 1404 Seiani,
525 1340 604 1394 cuius
614 1338 660 1394 illc
669 1338 820 1395 avunculus
830 1347 893 1394 eret.
1039 1405 1041 1410 Ι
1156 1351 1159 1358 ·

316 1416 360 1469 73.
381 1413 421 1468 Ac
437 1421 526 1468 tamen
544 1430 588 1469 res
600 1413 687 1468 Blaesi
699 1414 795 1487 dignae
810 1413 901 1469 decore
916 1413 962 1468 tuli
976 1413 1061 1469 luere.

263 1492 333 1545 Nam
342 1487 503 1553 Tacfarinas,
514 1505 680 1560 quamquam
690 1489 797 1560 saepius
807 1488 945 1562 depulsus,
955 1503 1065 1560 repara·
1155 1541 1159 1554 ,

216 1600 221 1609 ·
262 1567 298 1620 tis
307 1581 355 1636 per
363 1564 459 1618 intima
468 1561 572 1617 Africae
582 1563 762 1628 auxiliis,Buo
771 1563 1062 1637 adrogantiaevenerst,

263 1648 294 1696 ut
307 1640 406 1714 legatos
424 1638 459 1694 ad
472 1637 610 1693 Tiberium
623 1639 747 1704 mitteret,
770 1639 915 1710 sedemque
928 1637 998 1694 ultro
1009 1639 1064 1694 sibi

264 1723 344 1788 atque
354 1714 482 1770 exercitui
491 1730 541 1769 suo
549 1712 703 1786 postularet,
711 1712 864 1769 autbellum
874 1712 1065 1785 inexplicabile

263 1792 441 1845 minitaretur.
479 1789 539 1844 Non
557 1787 623 1843 alias
643 1789 730 1862 magis
750 1805 798 1842 sua
817 1787 964 1860 populique
982 1789 1061 1844 Rom.

264 1862 424 1921 contumelia
440 1863 589 1920 indoluisse
602 1862 742 1919 Caesarem
762 1862 858 1930 lerunt,
880 1881 972 1935 quam,
994 1869 1065 1933 quaa
1158 1859 1159 1908 ἶ

264 1945 380 1994 desertor
393 1946 418 1992 ct
428 1943 536 2006 praedo,
551 1941 662 1993 bostiam
671 1956 741 1992 mare
750 1947 845 2008 aqeret.
884 1939 923 1994 Nc
933 1937 1064 2006 Spartaco

258 2017 375 2083 'qulam
383 2021 443 2081 post
451 2021 489 2067 tot
498 2015 675 2067 consularium
684 2018 845 2068 saaraitaam
857 2015 942 2068 clades
951 2017 1067 2068 inulam

265 2091 371 2152 ltaliam
380 2091 475 2150 arenti,
486 2105 643 2156 quamquam
648 2087 759 2142 Sertorii
768 2089 1013 2156 atqueMr'tltrtdatr's
1021 2094 1065 2142 ia-

264 2165 386 2233 qentr'bus·
394 2163 469 2216 bellis
480 2164 582 2217 labaret
593 2163 752 2234 respublica,
762 2166 859 2225 datum,
870 2171 899 2216 at
905 2171 984 2230 pacto
993 2167 1022 2216 r'n
1031 2166 1066 2232 fi-

265 2242 321 2292 ctam
339 2240 516 2304 acciperetur·
534 2240 635 2298 maaet,
655 2238 830 2304 pulcherrimo
845 2240 938 2304 papati
953 2238 1065 2292 Rauraai

264 2315 377 2383 [astiqr‘a
393 2313 461 2365 latro
477 2312 635 2381 Tacfarinas
643 2327 710 2378 pace
731 2319 755 2364 et
768 2317 927 2365 concessione
939 2327 1065 2380 aprorum

263 2390 441 2442 redimeretur,
478 2386 528 2439 Det
540 2385 677 2458 negotium
685 2384 786 2450 Blaeso,
801 2391 899 2450 ceteros
909 2385 1019 2458 quidem
1031 2387 1065 2440 ad

265 2476 341 2531 spem
351 2458 489 2530 proliceret
497 2477 571 2514 arma
581 2459 640 2514 sine
650 2477 719 2514 noxa
728 2460 857 2535 ponendi3
879 2463 967 2533 ipsius
974 2469 1063 2516 autem

265 2534 342 2589 ducis
352 2551 461 2606 quoquo
471 2535 549 2591 modo
557 2535 696 2607 potiretur.

319 2610 363 2664 tt.
382 2609 417 2663 Et
429 2611 526 2680 recepti
539 2626 570 2664 ea
584 2611 661 2665 venia
675 2608 806 2682 plerique.
845 2610 908 2664 Mox
920 2609 1063 2665 adversum
1158 2665 1159 2670 χ

266 2691 335 2738 artes
348 2683 520 2739 Tacfarinatis
541 2685 612 2739 baud
624 2683 753 2740 dissimili
769 2679 847 2740 ruodo
866 2681 1062 2757 belligeratum.

265 2759 334 2812 Nam
344 2760 409 2830 quia
419 2759 474 2824 ille,
484 2759 577 2815 robore
587 2761 718 2815 exercitus
729 2757 825 2834 impar,
842 2757 949 2814 furandi
958 2759 1062 2826 melior,

266 2831 357 2904 plures
367 2849 416 2902 per
424 2832 516 2904 globos
525 2835 672 2889 incursaret
681 2835 861 2907 eluderetque,
868 2841 893 2888 et
903 2834 1015 2889 insidias
1027 2837 1066 2889 si-

266 2907 325 2961 mul
338 2913 456 2971 tentaret,
473 2915 526 2962 tres
540 2910 671 2982 incessus,
687 2911 796 2965 totidem
809 2909 916 2982 agmina
925 2918 1062 2981 parantur.

265 2981 309 3035 Ex
317 2983 381 3053 quis
388 2980 529 3039 Cornelius
542 2981 631 3056 Scipio
640 2984 742 3059 legatus
751 2985 943 3057 praefuit-qua
953 2985 1065 3058 praede-
