2575 3734
290 482 339 534 330
568 484 805 533 subeuntur
948 474 983 549 (s.
999 486 1093 531 asra

289 594 330 643 sta
348 584 422 641 cultu
442 593 578 641 senatum:
604 584 751 657 coniugum
765 600 796 639 ac
809 582 954 639 liberorum
968 584 1094 657 agmina,

289 678 337 733 per
351 678 447 715 sexum
461 668 486 715 et
501 666 610 715 aetatem
620 658 762 731 disposita:
782 665 940 722 emtructos,
951 674 1008 730 qua
1018 659 1095 713 inoe-

289 735 371 801 deret‚
386 734 596 807 spectaculorum
610 732 725 807 gradus,
740 748 795 805 quo
808 732 888 789 mode
900 732 1036 804 triumphi
1051 734 1096 787 vi-

290 816 396 865 suntur.
435 810 503 865 liinc
513 808 657 880 superbus,
669 824 700 861 ac
708 805 811 878 publici
820 807 923 862 servitii
933 808 1029 872 victor,
1042 806 1095 862 Ca-

290 884 414 956 pitolium
427 883 500 950 adiit,
516 891 603 957 grates
613 881 742 949 exsolvit3
762 896 847 954 seque
856 882 988 936 momnes
999 881 1094 936 libidi-

290 977 338 1017 ues
351 958 453 1023 effudit,
468 975 537 1031 quas
552 956 622 1013 male
636 956 762 1012 coercitas
774 954 984 1029 qualiscumque
996 957 1093 1011 matris

290 1033 435 1089 reverentia
445 1032 600 1087 tardaverat.

346 1109 388 1162 li.
408 1107 491 1163 Vetus
500 1105 540 1160 illi
550 1122 613 1161 curn
623 1112 688 1169 erat,
699 1102 832 1159 curriculo
843 1103 1040 1177 quadrigarum
1050 1106 1094 1159 in-

291 1184 398 1237 sistere:
418 1197 467 1235 nec
479 1181 571 1235 minus
581 1178 689 1235 foedum
701 1178 832 1243 studium,
842 1176 942 1234 cithara
953 1179 1092 1234 ludicrum

290 1258 319 1312 iu
329 1254 438 1311 modum
448 1270 551 1319 canere,
563 1270 626 1309 cum
636 1260 769 1322 meuaret3
789 1252 862 1326 quod
871 1257 976 1322 rcytbnc
984 1263 1011 1309 st
1020 1259 1092 1309 anti

290 1335 349 1400 quis
361 1331 470 1383 ducibus
482 1334 630 1399 [actitatum
643 1327 820 1385 memorabat:
840 1332 918 1397 uque
930 1337 1023 1383 autum
1032 1332 1092 1383 tau-

290 1407 365 1459 dtbus
375 1406 479 1465 celem,
492 1412 517 1459 et
525 1408 631 1458 morum
640 1407 733 1458 bonos-t
741 1407 841 1458 dutum.
877 1402 1018 1457 Enimvero
1027 1420 1092 1458 ecn-

216 1512 218 1515 -
290 1487 332 1533 tue
349 1477 464 1546 Apollini
482 1494 585 1545 samem
612 1481 711 1545 talique
724 1480 1092 1541 ammundetarmcnmcdc

292 1552 401 1607 Graecis
419 1556 448 1607 in
465 1556 579 1615 urbibus,
598 1556 643 1606 aad
658 1554 776 1607 Romana
792 1555 865 1621 apud
877 1554 981 1620 templa,
995 1568 1093 1607 cumen

288 1632 459 1696 praecipuum
468 1636 492 1681 et
498 1630 656 1695 praescium.
695 1627 751 1681 Nec
759 1627 814 1681 iam
823 1626 883 1681 sisti
891 1633 1006 1697 potsmt3
1028 1643 1091 1681 cum

290 1700 405 1757 Senecae
418 1718 448 1755 ac
460 1702 544 1757 Burro
560 1702 659 1765 visum,
673 1709 829 1772 neutraque
839 1701 1015 1771 pervinceret,
1027 1700 1091 1755 alte-

290 1795 352 1831 rum
363 1776 512 1831 uouemere.
552 1774 736 1847 Clausumqus
749 1774 818 1829 valle
826 1774 951 1829 Vaticana
959 1776 1089 1845 spatium,

290 1849 1091 1997 lellltltlttlliillumillum

291 2000 354 2064 lere,
375 2006 406 2055 ut
419 2008 459 2055 est
472 2000 572 2074 vulgus
585 1999 696 2070 cupiens
709 1997 885 2069 voluptatum,
905 2006 941 2063 et,
957 1998 982 2052 si
997 1998 1091 2054 eodem

290 2075 415 2146 princeps
434 2075 532 2140 trahat,
554 2074 662 2129 laetum.
702 2072 825 2127 Ceterum
844 2071 986 2145 evulgatus
1003 2074 1091 2145 pudor

291 2149 509 2213 consiliantem,
522 2157 551 2203 ut
559 2148 694 2213 rebantur,
709 2147 757 2202 sed
766 2148 968 2202 incitamentum
977 2148 1089 2204 adtulit:

291 2229 419 2293 ratusque
428 2223 541 2278 dedecus
551 2221 660 2287 molliri,
671 2224 695 2278 si
704 2221 797 2294 plures
807 2220 945 2287 foedasset,
956 2222 1089 2279 nobilium

292 2295 453 2351 familiarum
463 2305 589 2367 posteros,
601 2304 716 2370 egestate
724 2294 841 2359 venales,
849 2297 878 2350 in
887 2312 997 2352 scenam
1005 2296 1091 2352 dedu-

291 2372 345 2426 xit:
366 2386 434 2442 quos
446 2369 496 2425 lato
504 2370 666 2441 perfunctos,
678 2387 712 2425 ne
721 2371 879 2425 nominatim
886 2370 1090 2437 tradammaic-

218 2450 224 2461 '
291 2446 368 2501 ribus
381 2460 473 2499 eorum
487 2444 659 2500 tribuendum
673 2453 748 2517 puto.
785 2445 887 2500 Eleius
896 2444 1029 2519 flagitium
1039 2454 1087 2511 est,

292 2522 340 2593 qui
355 2519 496 2591 pecuniam
510 2519 543 2573 ob
558 2516 652 2573 delicta
666 2520 755 2591 potius
768 2519 850 2584 dedit,
863 2537 946 2593 quam
959 2537 993 2575 ne
1002 2519 1090 2575 delin·
1161 2575 1162 2596 ζ

185 2601 187 2604 ’
226 2598 233 2617 “
292 2602 412 2667 quereut.
452 2594 531 2649 Notos
546 2610 655 2665 quoque
668 2596 772 2665 equites
780 2595 1090 2665 Romsncsoperasare-

292 2687 342 2724 nae
360 2670 512 2740 promittere
529 2667 635 2741 subegit
650 2667 728 2723 donis
746 2668 915 2741 ingentibus:
936 2669 1000 2734 nisi,
1016 2670 1088 2741 quod
1161 2715 1162 2720 ,

292 2760 392 2797 merces
406 2743 440 2799 ab
454 2760 499 2808 eo,
514 2742 562 2815 qui
577 2742 670 2797 iubere
683 2750 777 2813 potest,
792 2744 849 2799 vim
863 2745 1027 2799 necessitatis
1042 2745 1088 2799 ad·

276 2852 279 2863 ¹
292 2816 388 2943 fertlli.
409 2890 448 2942 Ne
467 2896 555 2946 tamen
568 2890 657 2945 adhuc
669 2889 778 2960 publico
791 2890 891 2946 theatro
903 2890 1088 2947 debonestare-

292 2971 345 3027 tur,
356 2963 471 3019 instituit
480 2962 566 3029 ludos,
583 2964 750 3020 Iuvenalium
760 2963 898 3030 vocabule,
909 2965 938 3021 in
947 2982 1017 3038 ques
1024 2982 1083 3037 pas
