2575 3734
208 507 330 586 scie.)
409 521 487 568 ure.
507 519 587 568 xm,
608 521 698 568 car.
717 523 759 569 aa.
780 521 820 570 aa
963 517 1014 572 aar

207 620 364 678 Messallina
385 621 536 694 depulsam,
557 637 639 693 supra
658 619 752 678 rotuli:
774 623 889 696 insignis
904 640 1012 698 genere,

209 697 305 762 forma,
317 695 438 761 lascivia,
450 705 476 752 et
483 696 649 770 Agrippinae
657 696 705 751 diu
715 712 837 768 percara:
853 715 916 754 mox
924 701 1014 756 occul·

207 773 243 828 tis
262 773 332 827 inter
352 787 397 826 aaa
413 771 614 836 offensionibus,
631 772 697 842 quia
710 769 832 827 &stium
846 772 1012 837 Africanum,

208 847 326 904 nobilem
340 846 478 911 iuvenem,
494 845 621 918 auuptiis
631 845 737 902 Silanae
745 845 909 904 deterruerat
917 851 1015 923 Agrip-

204 923 284 995 pina,
299 920 455 994 inpudicam
469 928 497 976 et
506 928 659 995 vergentem
673 921 752 976 anais
761 921 900 989 dictitans3
922 941 975 980 non
984 934 1015 981 ut

209 996 366 1054 Ablcanum
376 996 430 1052 sibi
440 1004 587 1072 seponeret
603 995 651 1051 sed
661 1012 696 1051 ne
706 996 806 1068 opibus
815 998 960 1054 etorbitate
971 999 1015 1055 Si·

209 1071 286 1128 lanae
296 1072 409 1126 maritus
419 1072 557 1142 potiretur.
583 1069 640 1136 Illa,
652 1087 701 1143 spe
711 1070 821 1128 ultionis
830 1072 928 1140 oblata,
939 1084 1015 1148 parat

207 1155 376 1204 accusatores
389 1163 424 1201 ex
437 1143 582 1202 clientibus
596 1145 670 1211 suis,
686 1146 800 1202 lturium
813 1154 840 1202 et
853 1147 1012 1216 Calvisium,

207 1239 263 1280 aon
273 1229 362 1279 vetera
371 1228 398 1276 et
407 1219 516 1293 caepim
525 1221 580 1276 iam
589 1217 680 1276 audita
688 1220 820 1288 delerem,
831 1222 904 1294 quod
910 1224 1015 1281 Britan-

207 1298 264 1354 nici
285 1304 398 1354 mortem
418 1295 521 1370 lugeret
535 1303 581 1351 aut
595 1293 720 1351 Octaviae
734 1296 848 1352 iniurias
860 1298 1011 1373 evulgaret,

207 1372 268 1438 sed,
279 1371 456 1428 destinavisse
464 1387 535 1436 eam,
546 1369 702 1426 Rubellium
711 1369 846 1438 Plautum,
859 1389 908 1446 per
917 1383 1015 1430 matu·

209 1465 274 1504 nam
287 1447 419 1521 originem
433 1447 491 1519 pari
504 1461 535 1500 ac
544 1446 614 1501 Nero
622 1444 710 1520 gradu
721 1445 774 1502 ad.
785 1445 916 1521 linguato,
927 1449 1014 1506 adres

210 1521 442 1591 coruscabilem,
454 1521 633 1595 coniugioque
641 1521 701 1576 dus
710 1529 737 1576 et
746 1521 801 1576 iam
809 1522 923 1594 imperio
928 1541 1013 1597 remp.

210 1613 308 1654 rursus
321 1597 456 1653 invadere.
496 1597 566 1651 llaec
579 1595 680 1651 Iturius
699 1602 725 1650 et
738 1593 874 1652 Calvisius
887 1598 1012 1667 Atimeto,

210 1673 349 1738 Domitiae,
361 1672 475 1728 Neronis
485 1671 591 1738 amitae,
603 1669 707 1738 liberto,
718 1671 852 1743 aperiunt.
885 1671 950 1740 Qui,
961 1672 1015 1729 lae-

209 1756 254 1804 tus
268 1747 363 1804 oblatis
377 1746 489 1821 (quippe
504 1747 573 1801 inter
587 1745 610 1801 Α
645 1746 765 1818 'minam
779 1754 805 1801 et
816 1746 959 1803 Domitiam
971 1749 1015 1804 in-

209 1822 284 1880 fensa
294 1822 438 1880 aemulatio
446 1821 617 1877 exercebatur
631 1820 754 1876 Paridem
760 1821 1015 1887 histrionemdiber-

208 1907 268 1956 tum
279 1906 305 1954 et
313 1899 407 1970 ipsum
415 1898 554 1962 Domitiae,
568 1894 669 1969 inpulit
677 1896 718 1952 ire
726 1912 847 1969 propere,
858 1898 1015 1972 crimenque

209 1975 332 2030 atrociter
341 1971 451 2027 deferre.

266 2051 310 2106 20.
331 2048 454 2104 Provecta
469 2063 523 2104 nox
537 2052 605 2111 erat,
626 2052 654 2100 et
665 2045 765 2100 Neroni
779 2061 827 2116 per
841 2043 1013 2103 vinolentiam

210 2123 377 2186 trahebatur,
403 2139 466 2177 cum
481 2119 631 2196 ingreditur
643 2119 728 2183 Paris,
742 2120 838 2176 solitus
851 2120 972 2194 alioquin
987 2123 1015 2178 id

210 2199 338 2271 temporis
356 2197 438 2253 luxus
452 2195 584 2270 principis
598 2193 748 2251 intendere:
769 2194 817 2250 sed
830 2203 895 2251 tunc
907 2213 1016 2270 compo-

210 2276 279 2330 situs
288 2273 322 2330 ad
333 2273 503 2337 maestitiam,
517 2271 693 2344 expositoque
703 2269 796 2326 indicii
806 2270 909 2337 ordine,
920 2272 957 2328 ita
966 2291 1016 2328 au·

209 2348 326 2418 dierum
341 2354 464 2412 exterret,
480 2353 511 2402 ut
524 2363 578 2402 non
593 2353 697 2401 tantum
712 2353 824 2401 matrem
834 2345 1015 2419 Plautumque

209 2423 365 2488 interficere,
372 2423 420 2478 sed
429 2423 545 2478 Burrum
557 2421 636 2476 etiam
645 2419 787 2477 demovere
795 2421 959 2494 praefectura
967 2422 1015 2476 de·

207 2497 329 2564 ltinaret,
346 2506 484 2570 tamquam
499 2497 663 2570 Agrippinae
675 2497 760 2570 gratia
768 2504 925 2569 provectum
938 2505 963 2550 et
972 2498 1015 2551 vi-

208 2591 267 2630 cem
281 2572 445 2628 reddentem.
485 2571 586 2627 Fabius
600 2571 728 2626 Rusticus
741 2579 889 2635 auctorest,
900 2571 1014 2641 scriptos

209 2665 268 2704 esse
282 2646 315 2704 ad
326 2647 467 2704 Caecinam
482 2647 601 2701 Tuscum
612 2643 757 2712 codicillos,
769 2644 892 2700 mandata
902 2644 926 2698 ai
937 2659 1014 2716 prae·

209 2725 337 2780 teriarum
348 2713 497 2779 cobortium
506 2738 586 2778 cura:
598 2721 646 2776 red
655 2719 824 2792 opeSeneoae
832 2718 1012 2792 dignationem

208 2799 293 2854 burro
306 2805 445 2854 retentem.
485 2796 590 2851 Plinius
604 2803 630 2851 et
639 2795 764 2859 Cluvius,
779 2792 847 2848 nibil
860 2793 1013 2850 dubitatum

210 2872 244 2928 de
261 2873 314 2928 lide
331 2871 466 2945 praelecti,
488 2869 615 2925 referunt.
655 2869 725 2925 Sana
738 2868 839 2923 Fabius
854 2868 966 2925 inclinat
979 2869 1013 2926 ad

210 2947 302 3003 laudea
309 2946 436 3012 Senecae,
447 2945 526 3001 mulus
536 2945 653 3000 amicitia
662 2943 760 3000 lloruit.
780 2943 1012 3009 Nos,cousensum

209 3029 347 3080 auctorum
363 3022 458 3087 secuti,
474 3035 545 3092 quae
557 3017 664 3074 diversa
677 3017 851 3090 pulmednt,
863 3019 1013 3074 subnomi-
1107 3071 1111 3078 ,
