2575 3734
276 505 325 559 eet
560 509 796 557 aunanluu
877 495 882 504 '
943 503 1085 576 (auara.

275 611 379 674 enavit,
390 626 542 686 erespcnso
553 609 738 682 haruspicum,
750 611 900 684 quodlovis
910 611 1089 667 achlinervae

275 685 353 742 aedes
363 685 396 740 de
406 685 478 742 caelo
487 693 568 742 tactae
579 692 663 742 erant.
958 689 961 696 '

329 764 374 819 nt.
394 759 427 828 Q.
437 761 558 827 Volusio,
570 762 599 816 P.
610 761 734 833 Scipione
743 773 811 816 coss.
822 762 909 816 otium
918 759 993 826 ioris,
1005 760 1086 826 ioeda

275 837 348 893 domi
364 836 487 906 lascivia3
508 853 562 908 qua
577 837 648 892 Nem
662 836 758 890 itinera
772 835 849 891 urbis
861 842 888 890 ct
902 836 1045 908 lupanaria
1058 843 1088 891 et

274 910 447 978 diverticula.
462 919 535 968 veste
548 911 640 970 servili
654 912 683 967 in
696 909 938 970 dissimulationem
952 912 1088 970 suioom·

274 988 394 1060 positus,
405 985 569 1058 pererrabat,
581 985 786 1052 comitantibus,
795 986 1086 1058 quisupercntuendi-

275 1063 341 1120 tioni
355 1061 489 1132 exposita,
509 1069 535 1116 et
548 1059 636 1120 obviis
653 1059 766 1119 vulnera
785 1059 929 1127 inferrent,
949 1061 1085 1119 aduersus

274 1138 382 1212 ignaros
395 1135 476 1201 adeo,
500 1142 530 1191 ut
543 1135 602 1209 ipse
615 1151 725 1208 quoquo
738 1136 870 1208 exuperes
888 1137 974 1198 icus,
993 1146 1020 1191 et
1036 1154 1086 1196 ore

273 1210 427 1284 praeterret.
466 1209 581 1277 Deinde,
594 1209 1085 1285 ubiCaesaramesae,quigraaeare·

274 1295 333 1351 tur,
345 1285 492 1357 pernotuit,
509 1285 731 1360 augebanturque
741 1287 856 1343 iniuriae
864 1286 995 1345 adversus
1009 1288 1084 1344 viros

275 1360 504 1434 feminasqueins'
545 1379 584 1427 es,
596 1370 622 1418 et
630 1362 893 1434 quidampermiam
902 1360 986 1420 semel
996 1360 1084 1418 licen·

273 1438 310 1494 tia
321 1437 373 1495 sub
383 1437 491 1494 nomine
526 1438 629 1502 crenis,
645 1436 726 1492 inulti
740 1437 857 1507 propriis
866 1435 1027 1511 oumglobis
1036 1454 1084 1494 ea-

274 1511 336 1566 dem
350 1511 521 1576 exercebent,
537 1511 565 1566 in
580 1509 691 1566 modum
705 1511 866 1581 captivitatis
878 1525 932 1568 nox
940 1511 1081 1585 agebatur.

274 1584 360 1642 lulius
373 1586 529 1652 Montanus,
550 1585 677 1642 senatorii
695 1585 812 1652 ordinis,
832 1585 881 1642 sed
894 1587 944 1658 qui
958 1586 1081 1642 nondum

274 1659 402 1722 honorem
413 1661 580 1733 capessisset,
587 1677 747 1734 congoessus
757 1657 823 1716 torte
831 1677 881 1734 per
887 1659 1009 1718 tenebras
1017 1678 1082 1724 cum

274 1737 409 1810 principe,
422 1736 487 1810 quia
497 1735 525 1794 vi
534 1742 705 1792 attentantem
716 1735 810 1792 acriter
819 1734 966 1811 repulerat,
982 1733 1082 1792 deinde

274 1813 396 1886 agnitum
416 1818 550 1877 oraverat,
570 1809 650 1884 quasi
663 1809 862 1881 exprobrasset,
882 1811 951 1866 mori
970 1809 1082 1867 adactus

274 1895 323 1944 est.
356 1888 427 1944 Nero
436 1893 536 1951 autem,
547 1885 706 1956 metuentior
716 1885 745 1940 in
754 1893 901 1958 posterum,
916 1883 1017 1942 milites
1026 1887 1082 1943 sibi

274 1969 299 2018 et
308 1961 450 2034 plerosque
459 1959 618 2036 gladiatores
627 1959 818 2026 circumdedit,
833 1960 883 2032 qui
894 1961 1017 2018 rixarum
1026 1962 1082 2018 inl-

274 2038 310 2091 tia
320 2035 423 2092 modica
433 2044 459 2094 et
467 2035 660 2166 quasifrivata
669 2034 801 2093 sinerent:
812 2036 840 2091 si
847 2053 864 2092 a
872 2033 952 2091 laesis
961 2035 1081 2094 ualidius

274 2118 410 2184 ageretur,
427 2129 500 2167 arma
516 2111 545 2166 in
558 2110 674 2166 erebant.
714 2110 858 2166 Ludicram
874 2127 982 2185 quoque
996 2109 1082 2169 licen-

274 2187 338 2241 tiam
354 2193 379 2240 et
392 2184 508 2242 lautores
522 2185 685 2244 histrionum
699 2184 816 2242 velutin
831 2184 932 2259 proelia
951 2189 1083 2243 convertit

274 2260 423 2334 inpunitate
432 2267 458 2316 et
466 2259 609 2334 praemiis,
626 2270 706 2334 atque
720 2261 779 2333 ipse
792 2259 913 2316 occultus
922 2267 948 2316 et
958 2259 1082 2332 plerum-

273 2351 328 2409 que
338 2351 427 2390 coram
437 2341 623 2406 prospectans:
636 2334 729 2402 donec,
739 2335 856 2391 discordi
866 2334 976 2408 populo,
983 2344 1010 2390 et
1017 2354 1082 2411 gra-

275 2409 357 2466 vioris
375 2416 464 2466 motus
483 2416 594 2475 terrore,
615 2427 670 2468 nou
689 2409 764 2471 aliud
778 2409 929 2467 remedium
943 2420 1082 2484 repertum

273 2491 327 2550 est,
348 2502 431 2558 quam
452 2492 482 2545 ut
500 2483 643 2540 histriones
656 2485 731 2543 Italia
750 2484 924 2558 pellerentur,
945 2483 1082 2558 milesque

274 2559 374 2616 theatro
384 2577 493 2615 rursum
503 2558 643 2615 adsideret.

329 2638 371 2694 26.
393 2634 443 2691 Per
452 2634 524 2691 idem
534 2641 640 2706 tempus
651 2643 740 2689 actum
749 2635 778 2689 in
788 2642 883 2690 senatu
897 2639 929 2689 de
940 2639 1082 2703 troadibus

274 2713 437 2774 lihermm,
451 2708 692 2784 efflagitatumque,
711 2717 742 2764 ut
754 2713 881 2766 odansue
893 2701 961 2764 nmta'
974 2717 1082 2767 meretoc

273 2789 434 2841 reuocandas
444 2788 572 2840 libertatis
580 2787 623 2838 tus
628 2788 752 2852 petrocia
758 2787 878 2841 daretur.
896 2786 952 2840 Nec
959 2785 1079 2853 deerant,

275 2859 324 2932 qui
333 2867 480 2914 censerent.
521 2856 716 2923 Sedconsnles,
730 2857 886 2914 relationem
896 2861 1015 2931 incipere
1025 2879 1080 2917 non
1166 2888 1167 2895 κ

274 2934 335 2988 ausi
348 2933 442 3006 ignaro
456 2932 591 3004 principe,
612 2933 792 3005 perscripsere
811 2941 899 2990 tamen
915 2950 1080 2992 consensum

274 3015 396 3064 senatus:
417 3009 462 3064 illa
478 3023 515 3062 ua
532 3015 626 3063 auctor
644 3012 835 3065 constitutionis
852 3011 938 3079 perot,
960 3017 991 3066 ut
1009 3011 1081 3066 inter
