2575 3734
124 532 125 537 κ
186 499 308 572 nato.)
402 496 732 555 LIB.X1V.CAP.2.
754 510 776 555 a.
939 506 988 559 323

185 608 284 671 Acten,
296 605 433 671 libertam,
445 624 528 678 quae,
545 607 627 662 simul
642 613 693 663 su'o
705 608 825 680 periculo
838 618 864 664 et
877 610 988 667 infamia

185 682 301 736 Neronis
314 682 407 746 anxia,
428 680 551 747 deferret,
572 681 760 756 pervulgatum
773 700 832 737 esse
844 685 987 752 incestum,

185 756 318 830 gloriante
331 762 427 820 matre,
442 772 491 809 nec
503 754 657 811 toleraturos
668 756 766 811 milites
775 756 879 829 prolani
888 760 989 829 princi-

186 833 231 901 pis
240 830 396 901 imperium.
435 830 534 883 Fabius
544 830 684 897 Rusticus,
695 848 748 886 non
758 831 930 905 Agrippinae,
942 834 989 887 sed

187 905 288 959 Neroni
297 904 417 975 cupitum
428 904 465 969 id,
477 913 614 971 memorat,
626 905 801 978 eiusdemque
811 905 920 961 libertae
929 916 988 962 astu

186 979 340 1034 disiectum.
378 976 444 1043 Sed,
459 978 669 1051 quaeCluvius,
686 980 777 1035 eadem
791 982 870 1035 ceteri
879 999 989 1054 quoque

186 1060 305 1108 auctores
315 1052 469 1123 prodidere,
487 1060 512 1107 et
521 1052 591 1107 lama
601 1054 656 1109 huc
665 1054 788 1110 inclinat:
809 1073 858 1110 seu
869 1058 989 1127 concepit

186 1130 276 1183 animo
291 1134 393 1181 tanturn
408 1128 578 1182 inmanitatis·
587 1128 748 1202 Agrippina,
768 1147 817 1185 seu
836 1131 988 1186 credibilior

186 1220 269 1258 novae
280 1201 401 1256 libidinis
410 1202 545 1257 meditatio
554 1205 583 1257 in
594 1220 624 1257 ea
634 1205 693 1259 visa
707 1212 761 1269 eet,
776 1222 846 1277 quae
859 1205 988 1277 puellari-

186 1278 237 1331 bus
248 1278 327 1331 annis
337 1284 461 1347 stuprum
472 1294 534 1331 cum
544 1277 658 1348 Lepido,
668 1295 717 1349 spe
725 1280 928 1346 dominationis,
940 1280 988 1335 ad-

186 1353 309 1415 miserat,
326 1352 385 1421 pari
394 1350 520 1422 cupidine
530 1368 617 1423 usque
627 1352 661 1406 ad
670 1352 743 1407 libita
757 1353 882 1409 Pallantis
891 1372 988 1425 provo-

186 1426 252 1490 luta,
263 1434 289 1479 et
299 1426 411 1479 exercita
421 1425 455 1480 'ad
464 1442 543 1481 omne
552 1424 682 1500 flagitium
692 1428 780 1499 patrui
790 1430 902 1499 nuptiis.

242 1504 268 1554 3.
283 1500 366 1573 Igitur
375 1500 444 1555 Nero
453 1502 536 1555 vitare
545 1510 659 1556 secretos
667 1503 727 1555 eius
736 1519 786 1557 con
819 1520 911 1560 essue:
923 1505 987 1559 aba·

187 1574 323 1629 cedentem
333 1574 362 1628 in
372 1574 473 1639 hortos,
495 1575 745 1640 autTusculanum,
762 1593 795 1631 ve
816 1576 1009 1633 Antiatemin'

187 1666 293 1723 agrum,
306 1648 422 1714 laudare,
435 1654 502 1717 quod
512 1655 592 1704 otium
602 1654 746 1705 corraserat.
769 1652 913 1716 Postremo,
925 1652 987 1707 ubi-

188 1741 304 1796 cumque
319 1724 473 1788 hahcretur,
486 1741 657 1797 praegravem
667 1732 755 1788 ratus,
769 1724 987 1780 interficerecon-

187 1800 286 1853 stituit:
299 1799 428 1853 hactenus
441 1799 603 1865 consultans,
614 1816 731 1862 veneno,
743 1816 777 1853 an
787 1798 866 1864 ferro,
879 1800 921 1855 uel
931 1817 986 1871 qua

187 1873 285 1928 aliavi.
325 1872 480 1945 Placuitque
495 1875 583 1945 primo
596 1890 741 1928 venenum.
780 1872 987 1945 Sedinterepu-

187 1948 227 2001 las
236 1948 368 2019 principis
378 1949 401 2001 si
411 1948 530 2013 daretur,
546 1947 638 2003 referri
653 1948 688 2001 ad
701 1965 794 2003 castam
807 1965 861 2003 non
875 1956 984 2020 poterat,

187 2022 234 2076 tali
244 2023 298 2075 iarn
309 2022 451 2076 Britannici
461 2023 555 2079 exitio:
577 2030 602 2077 et
611 2022 748 2077 ministros
757 2030 856 2077 tentare
870 2021 985 2078 arduum

187 2096 328 2151 videbatur
342 2096 463 2152 mulieris
476 2115 529 2152 usu
540 2096 670 2152 scelerum
680 2097 810 2153 adversus
819 2096 931 2151 insidias
943 2098 986 2151 in·

187 2178 287 2226 tentae:
299 2179 378 2243 atque
387 2172 445 2243 ipsa
454 2172 649 2242 praesumendo
658 2172 774 2226 remedia
785 2172 918 2227 munierat
927 2188 986 2227 cur·

186 2263 250 2317 pus.
289 2246 400 2300 Ferrum
420 2254 445 2299 et
464 2246 556 2301 caedes
573 2263 691 2318 ¹quonam
706 2246 784 2301 modo
800 2246 983 2310 occultaretur,

187 2337 266 2375 nemo
275 2320 433 2391 reperiebat,
445 2329 478 2385 et,
486 2338 520 2374 nc
528 2320 647 2393 quis,illi
658 2327 728 2375 tanto
739 2319 984 2385 lacinoridclectus,

186 2397 261 2450 iussa
269 2401 413 2467 sperneret,
427 2395 568 2450 metuebat.
597 2394 700 2450 Obtulit
709 2396 848 2468 ingenium
858 2395 986 2450 Anicetus

186 2469 312 2535 libertus,
327 2469 405 2524 classi
416 2469 488 2540 apud
497 2470 628 2523 Misenum
641 2468 803 2539 praefectus,
819 2478 844 2524 et
856 2470 986 2540 pueritiae

186 2546 299 2600 Neronis
309 2544 445 2609 educator,
462 2561 492 2598 ac
505 2545 606 2598 mutuis
616 2544 686 2599 odiis
695 2543 858 2617 Agrippinae
867 2543 983 2596 invisus.

185 2620 270 2693 Ergo,
286 2636 377 2673 nocem
384 2635 458 2686 poete
468 2624 596 2685 componi,
612 2618 700 2683 docet,
716 2624 875 2686 cuiuopore,
892 2619 986 2682 ipaoio

185 2698 403 2761 mortperortem
413 2696 510 2756 uoluta,
526 2697 667 2762 effunderet
682 2696 810 2761 ignorem.
848 2690 986 2745 Ntttltam

185 2786 274 2835 copon
283 2772 462 2837 fortuitorum,
478 2784 556 2837 quom
564 2784 650 2830 more,
665 2775 702 2828 et,
718 2771 742 2819 at
755 2768 984 2835 contradictorum

186 2850 260 2909 cepta
269 2847 317 2907 stt,
329 2858 403 2910 quem
413 2846 477 2896 odeo
486 2846 616 2911 iniquum,
630 2850 661 2895 ut
670 2843 763 2895 caeteri
771 2843 902 2907 adsignet,
917 2843 985 2908 quod

185 2919 293 2970 ventitat
306 2920 399 2983 fluctus
412 2914 586 2985 deliquerint?
605 2920 762 2970 Additurum
777 2918 922 2980 principem
940 2916 985 2964 de-

124 3004 125 3029 l
183 2996 291 3062 [nonme
300 2994 418 3060 templum
428 3000 452 3045 et
463 3006 528 3045 arcu
536 2999 560 3044 et
570 2998 655 3045 cetero
666 2992 832 3115 ⁰⁸²³}stng
840 2991 941 3055 pietati.
