2575 3734
189 446 313 524 nasa)
379 456 459 503 nnn.
477 456 559 504 x111,
581 457 671 506 can.
692 457 813 508 ao-aa.
948 455 999 508 soe

189 558 277 614 ribus.
318 556 429 615 Clodius
438 556 597 625 Quirinalis,
609 557 683 632 quod
692 558 841 631 praefectus
852 555 997 636 mmigum,

189 635 240 706 qui
253 633 397 690 Ravennae
417 632 593 701 haberentur,
615 633 690 691 velut
707 635 830 692 infimam
848 637 996 701 nationum,

189 708 294 764 ltaliam
309 707 418 764 luxuria
432 709 599 782 saevitiaque
612 707 814 776 adllietavisset,
834 727 939 766 veneno
950 712 999 766 da-

189 785 354 840 mnationem
363 784 512 840 antevertit.
552 785 583 841 C,
595 783 723 840 Aminios
732 785 843 850 liebiua,
854 801 889 839 ax
896 785 999 856 primo-

188 859 267 915 ribus
274 859 370 931 peritia
380 857 472 933 legum
482 867 508 915 et
516 861 647 931 pecuniae
656 859 853 933 magnitudine,
863 861 999 916 modiatam

189 934 541 1066 aulaumaiu
547 923 998 1066 mamuralia

188 1085 240 1151 tis,
256 1084 291 1140 ob
304 1083 430 1140 libidines
443 1082 528 1140 mulie
547 1084 610 1140 riter
622 1083 742 1140 infamis.
781 1083 817 1138 dt
826 1085 857 1139 L.
870 1082 998 1140 Volusius

188 1160 296 1234 egregia
306 1159 377 1214 lama
387 1159 530 1215 oonosaeit:
551 1157 596 1214 oui
605 1165 660 1214 tres
669 1166 697 1214 et
704 1160 849 1233 nonaginta
858 1160 923 1215 anni
933 1175 997 1231 spa-

188 1236 258 1290 tium
272 1233 397 1300 vivendi,
412 1234 626 1308 praecipuaeque
634 1234 787 1306 opasbonis
796 1235 915 1300 mdbus,
926 1232 998 1296 inol-

188 1308 264 1366 iensa
274 1317 310 1364 tot
319 1310 513 1380 imperatorum
524 1308 626 1364 mabtia
637 1307 697 1365 fuit.

245 1387 288 1439 3⁴.
308 1383 996 1457 Neroneaeoundum,L.Pisoneoonsulibua,panea

188 1459 319 1514 memoria
329 1457 410 1532 digna
419 1475 545 1516 evenere:
558 1459 613 1516 nisi
622 1459 668 1516 oui
678 1458 766 1524 libeat,
781 1459 923 1516 laudandis
932 1459 996 1516 inn-

188 1533 323 1590 mmeritis
336 1541 369 1588 et
374 1533 510 1601 trabibus,
530 1535 594 1607 quis
608 1533 708 1590 molam
720 1535 910 1606 amphitheatri
923 1536 996 1607 apud

188 1607 324 1680 Campum
333 1608 425 1664 Martis
434 1608 532 1665 Caesar
541 1616 718 1674 exstruxerat,
728 1609 867 1666 volumina
876 1609 993 1682 inplere:

188 1700 253 1740 oum
263 1699 296 1740 ex
305 1683 434 1758 dignitate
441 1683 536 1757 populi
546 1685 661 1740 Romani
670 1691 807 1756 repertum
816 1686 911 1751 sit,res
921 1683 996 1740 inlu-

187 1766 258 1814 stres
267 1759 420 1825 annalibus,
427 1759 495 1816 ,talia
505 1759 612 1814 diurnis
621 1759 700 1816 urbia
709 1759 775 1814 aetia
787 1759 923 1816 mandare.
945 1759 997 1816 Ce-

187 1843 276 1890 terum
289 1835 410 1892 soloniae
421 1833 512 1907 Capua
525 1841 606 1908 atque
619 1835 735 1890 Nuosria
747 1833 844 1889 additis
862 1835 995 1890 vewranis

187 1909 308 1964 firmatae
318 1917 395 1966 sunt:
404 1909 547 1984 plebeique
555 1910 723 1985 oongiariurn
730 1909 910 1984 quadringeni
916 1911 996 1966 numi

187 1985 292 2040 viritim
302 1983 371 2050 dati,
386 1992 412 2039 et
420 1985 573 2040 amantium
582 1983 803 2059 quadringenties
812 1986 913 2041 aerario
925 1984 996 2040 inla-

186 2067 248 2114 tum
262 2066 317 2125 eat,
329 2059 366 2114 ad
379 2060 543 2134 retinendam
556 2059 651 2132 populi
665 2059 756 2115 iidem.
795 2059 914 2134 Vectigal
926 2077 996 2133 quo-

186 2151 246 2207 que.
256 2134 367 2207 quinae
380 2142 406 2190 et
418 2136 563 2192 assumas
577 2134 715 2190 venalium
734 2136 932 2208 mancipiorum
951 2153 996 2190 rs·

186 2210 319 2276 missum,
333 2211 423 2282 speeie
433 2209 534 2284 magia,
549 2227 633 2283 quam
643 2209 688 2276 vi,
701 2210 782 2284 quia,
795 2227 860 2266 eum
872 2210 996 2267 venditor

185 2284 303 2358 pendere
315 2285 466 2351 iuberetur,
482 2286 512 2342 in
525 2292 627 2358 partem
641 2286 721 2358 pretii
729 2286 897 2358 emptoribus
905 2303 996 2342 asore-

185 2359 286 2416 soebat.
324 2359 418 2416 Edirit
426 2359 537 2427 Caesar,
552 2378 584 2416 aa
593 2366 654 2432 quis
662 2365 833 2430 madentes
842 2370 995 2430 ootprooa·

184 2444 274 2500 rota,
289 2440 335 2505 qut
345 2439 510 2504 praetoriam
523 2439 661 2500 obtineret,
675 2439 851 2505 sputaculum
862 2440 995 2507 qlodmto-

184 2519 302 2568 ratmont
309 2517 485 2581 [maromout
495 2516 564 2582 qood
572 2515 649 2568 aliod
658 2513 890 2567 lodtommadarat.
924 2511 994 2565 Nam

123 2639 126 2644 i
185 2594 249 2641 ante
256 2601 311 2642 non
320 2586 416 2642 minus
423 2585 470 2642 tali
483 2587 638 2662 largitione,
651 2602 735 2658 qaam
749 2585 931 2658 maripiaadis
946 2602 995 2658 pe-

184 2662 289 2727 ouniis,
300 2659 434 2718 subiectos
442 2661 617 2736 adfligebant3
633 2659 714 2728 dum,
726 2678 797 2734 qaae
805 2660 919 2716 libidine
926 2653 996 2716 dati-¹

184 2744 308 2809 querant,
320 2736 424 2794 ambitu
432 2744 613 2811 propugnant.
704 2777 709 2780 -

242 2815 285 2873 32.
305 2811 418 2868 Faotum
428 2819 454 2868 et
462 2811 491 2868 S.
502 2811 533 2869 C.
544 2811 641 2868 ultioni
650 2813 727 2868 iuxta
735 2818 763 2866 et
770 2810 917 2876 securitati,
930 2819 961 2865 ot
969 2813 998 2865 aa·

185 2890 589 2959 qutaama'saarotstoterfaatoa
598 2896 676 2952 mast,
690 2892 713 2942 a·
726 2903 840 2956 qaoque,
854 2891 902 2956 qai
914 2895 995 2941 usto-

185 2967 661 3028 meotomoaamtmtsabaodamtaote
671 2966 839 3028 mandatam,
854 2966 923 3018 ieter
936 2976 994 3016 aaa*
