2575 3734
226 455 350 526 maii.)
415 462 832 510 elementem—to.
976 461 1027 515 263
1123 473 1127 480 '

225 562 275 618 ubi
290 561 452 632 Pomponius
467 579 528 616 oum
546 561 695 636 legionibus
706 563 902 635 opperiebatur,
913 566 937 619 si
948 564 1025 630 Calli,

226 635 353 708 cupidine
373 633 526 701 ulcisoendi,
548 653 640 692 casum
660 654 767 710 pugnae
782 637 952 708 praeberent,
986 639 1028 693 llll

226 717 311 775 metu,
326 726 361 764 ne
375 708 439 764 hine
453 709 599 776 Romanus,
615 711 679 766 inde
688 711 827 776 Cherusci,
837 727 900 765 oum
911 714 973 783 quis
983 731 1028 767 ae-

225 793 333 840 ternum
347 782 507 848 discordant,
523 783 808 859 circumgrederentur,
824 784 923 858 legatos
937 787 966 840 in
980 800 1028 841 ur-

225 859 289 914 bem
303 866 329 912 et
341 856 449 913 obsides
458 859 570 926 misere;
591 858 766 931 decretusque
776 859 922 932 Pomponio
931 861 1028 914 trium-

224 932 316 1004 phalis
336 930 431 996 honos,
451 931 554 987 modion
572 949 634 1004 pars
650 933 736 989 lamae
748 935 807 988 eius
817 934 890 1006 apud
898 943 1026 1006 posteros,

225 1008 255 1061 in
265 1006 330 1078 quis
340 1007 490 1062 carminum
500 1005 585 1079 gloria
594 1007 737 1080 praecellit.

282 1083 326 1138 29.
347 1081 396 1134 Per
405 1079 477 1134 idem
486 1089 592 1152 tempus
601 1081 733 1146 Vannius,
743 1081 1030 1137 SuevisaDrusoCae-

225 1171 286 1210 sare
299 1153 449 1226 inpositus,
471 1153 580 1225 pellitur
594 1173 689 1228 regno:
714 1158 801 1228 prima
820 1156 927 1228 imperii
946 1164 1029 1210 aetate

225 1228 316 1286 clarus
330 1237 507 1300 acceptusque
521 1229 711 1300 popularibus3
732 1247 804 1296 mox,
816 1230 989 1285 diuturnitate
998 1231 1028 1285 in

225 1302 382 1376 superbiam
396 1311 515 1368 mutans,
531 1312 556 1357 et
565 1303 625 1359 odio
635 1301 794 1365 acoolarum,
808 1304 890 1359 simul
901 1304 1029 1359 domesti-

225 1379 265 1432 eis
275 1376 416 1432 discordiis
426 1377 635 1432 circumventus.
674 1376 801 1433 ductores
812 1378 1025 1444 luereVibillius,

225 1451 477 1508 Hermundurorum
489 1469 545 1517 rex,
560 1461 586 1507 et
594 1452 698 1526 Vangio
707 1469 738 1507 ao
746 1451 818 1518 Sido,
831 1469 920 1508 sorore
929 1453 1028 1509 Vannii

224 1527 319 1600 geniti.
359 1525 414 1581 Neo
424 1524 561 1591 Claudius,
576 1543 742 1599 quamquam
755 1543 834 1598 saepe
842 1536 942 1592 oratus,
953 1545 1027 1581 arma

226 1600 390 1658 certantibus
402 1599 522 1655 barbaris
537 1601 704 1672 interposuit,
722 1609 808 1655 tutum
818 1601 922 1656 Vannio
936 1599 1029 1671 perlu-

225 1677 303 1749 gium
317 1675 484 1746 promittens,
497 1675 522 1729 si
536 1674 691 1746 pelleretur:
712 1675 874 1746 scripsitque
886 1675 917 1728 P.
933 1673 1028 1729 Atellio

225 1752 324 1815 Histro,
339 1750 389 1822 qui
404 1748 567 1804 Pannoniam
581 1749 758 1822 praesidebat,
774 1752 905 1817 legionem,
920 1752 1028 1815 ipsoque

225 1827 386 1894 aprovinoio
400 1827 467 1878 lecto
478 1827 592 1888 duellio,
600 1839 652 1892 pro
660 1827 722 1892 ripa
735 1829 902 1891 componeret,
913 1823 1029 1875 subsidio

225 1904 311 1963 vietis,
332 1908 357 1953 et
376 1907 501 1953 tenorem
519 1902 645 1953 moereas
659 1902 777 1959 viatores,
788 1913 827 1959 ne,
838 1902 945 1966 {menno
955 1896 1027 1959 eloti,
1086 1894 1088 1899 '

227 1983 344 2028 nostram
357 1991 457 2042 quoque
466 1989 559 2040 posent
571 1975 716 2027 turbarent.
744 1971 823 2025 .Nam
833 1971 876 2026 vis
885 1971 1029 2024 innumera

227 2048 318 2122 Lygii,
333 2045 453 2120 aliaeque
470 2055 562 2120 gentes
576 2046 762 2111 adventabant,
778 2043 849 2099 lama
861 2043 925 2099 ditis
938 2044 1025 2118 regni,

227 2121 301 2196 quod
311 2121 431 2179 Vannius
440 2121 521 2176 XXX
532 2137 579 2193 per
589 2137 673 2175 annos
682 2119 897 2192 praedationibus
910 2126 936 2173 et
945 2120 1029 2174 veeti-
1063 2185 1066 2189 ¹

245 2197 334 2252 alibus
349 2203 466 2251 auxerat.
506 2197 560 2268 Ipsi
575 2211 673 2250 manus
682 2195 788 2266 propria
797 2194 908 2265 pedites,
920 2209 1029 2266 equese

226 2215 355 2328 {armatis
376 2269 518 2343 lazygibus
537 2278 600 2336 erat,
622 2271 700 2341 inpar
714 2268 880 2323 multitudini
891 2268 1025 2324 hostium:

227 2364 312 2419 eoque
325 2344 439 2400 castellis
448 2361 507 2400 sese
516 2344 663 2410 defensare,
673 2341 830 2416 bellumque
836 2342 933 2398 dueere
943 2351 1028 2398 statu·

227 2430 292 2478 erat,
919 2428 925 2442 '

118 2511 120 2536 1
175 2503 178 2510 ’
283 2499 325 2550 30.
346 2492 398 2550 Sed
412 2495 531 2568 lazyges,
550 2492 699 2549 obsidionis
712 2474 881 2565 inpatientes,
896 2499 922 2546 et
936 2490 1029 2562 proxi-

227 2587 286 2626 mos
295 2586 343 2642 per
354 2585 462 2640 campos
472 2568 543 2644 vagi,
550 2567 774 2623 necessitudinem
783 2564 1026 2640 pugnaeadtulere‚

227 2646 292 2718 quia
302 2643 405 2718 Lygius
414 2641 674 2715 Hermundurusque
683 2642 740 2697 illio
749 2642 914 2716 ingruerant.
943 2639 1028 2712 Igitur

226 2721 370 2793 degressus
384 2715 499 2772 castellis
513 2715 645 2783 Vannius,
661 2715 782 2772 funditur
796 2711 910 2787 proelior
930 2726 1030 2785 quam-

228 2811 311 2866 quam
325 2793 406 2848 rebus
421 2790 549 2858 adversis,
566 2790 699 2857 laudatus,
713 2795 781 2861 qnod
793 2801 817 2843 et
823 2806 939 2858 pannem
947 2803 1028 2842 monn

229 2872 357 2936 eomedit,
368 2876 393 2922 et
403 2868 879 2950 eorporeedoersooulnereaeeepin
903 2862 1028 2948 Ceterum

230 2941 263 2998 ad
272 2941 567 3016 elessem‚ianubio
575 2941 764 3014 opperientem,
775 2936 901 3010 perfugit.
938 2935 1033 2989 Secum
