2575 3734
299 462 347 516 eta
575 463 814 512 nnuman
960 456 1095 532 (enen.
1160 444 1161 515 l

297 567 358 624 aliis
372 566 445 622 cuns
461 565 593 620 intentum
606 565 739 620 Neronem
756 565 946 636 opperiuntur,
967 564 1038 619 inter
1057 583 1098 632 ea,

297 658 367 715 quae
376 639 496 696 barbaris
505 647 679 705 ostentantur,
688 638 942 709 iatramrePompeii
951 638 1096 706 theatrum,

297 734 352 789 quo
366 714 577 789 magnitudinem
590 711 684 785 popuii
697 715 822 769 viserent.
862 712 932 777 illio,
950 715 1097 785 parotium

297 792 395 865 (neque
413 789 486 844 enim
503 787 614 844 ludicris
628 789 715 861 ignari
728 786 934 860 oblectabantur)
948 788 1016 842 dum
1036 805 1098 844 oon-

297 883 403 922 sessum
417 852 523 930 caveat,
539 862 695 918 disorimina
703 861 843 928 ordinum,
857 863 921 934 quis
934 879 1034 934 equas,
1050 864 1096 918 ubi

297 948 421 1005 senatus,
435 944 654 1011 percunctantur,
668 936 805 992 advertere
818 935 950 1008 quosdam
964 936 1041 992 cultu
1052 955 1096 993 ex-

297 1024 371 1070 terno
385 1015 415 1069 in
427 1012 538 1068 sedibus
553 1021 721 1066 senatorum:
737 1018 776 1077 ot,
792 1012 904 1083 quinam
914 1010 1015 1077 iorent,
1027 1014 1097 1086 rogi-

296 1098 396 1153 tantes,
411 1094 553 1158 postquam
567 1085 737 1152 audiverant,
757 1101 851 1142 aarum
866 1087 989 1160 gentium
1004 1085 1096 1160 legatis

297 1163 326 1220 id
344 1161 452 1218 honoris
469 1159 575 1224 datum,
596 1177 669 1232 quaa
687 1160 786 1216 virtute
803 1167 830 1214 et
848 1161 963 1215 amicitia
977 1161 1096 1216 Romana

296 1235 497 1309 praeoellerent:
511 1232 608 1310 vnullos
627 1233 781 1289 mortalium
800 1235 883 1290 armis
901 1242 948 1290 aut
965 1235 1019 1290 fide
1037 1245 1097 1290 ante

298 1312 443 1368 Germanos
462 1325 521 1364 esse
538 1309 701 1376 exclamant,
720 1309 965 1383 degrediunturque
984 1317 1011 1365 et
1029 1312 1097 1368 inter

296 1393 384 1457 patres
403 1383 553 1440 oonsidunt.
592 1382 671 1450 Quod
688 1385 797 1438 oomiter
815 1401 831 1439 a
848 1384 1000 1440 visentibus
1020 1402 1096 1440 exue

295 1458 468 1531 ptum‚quasi
478 1458 585 1530 inpetus
594 1458 699 1529 antiqui
707 1465 733 1512 el
742 1458 811 1513 bona
820 1457 1006 1515 aemulatione.
1028 1461 1097 1515 Nero

296 1535 401 1590 civitate
410 1534 527 1589 Romana
536 1532 629 1589 ambos
641 1533 762 1598 donavit:
779 1533 879 1588 Frisios
889 1532 1015 1588 deoedere
1025 1538 1096 1608 agris

260 1677 262 1682 Ι
295 1609 384 1664 iussit.
423 1607 511 1680 Atque
534 1607 588 1663 illis
611 1607 830 1678 aspernantibus,
853 1608 993 1664 auxiliaris
1013 1627 1096 1682 equas

296 1692 403 1756 repente
411 1684 552 1748 inmissus,
564 1683 746 1736 necessitatem
756 1682 861 1748 adtulit,
871 1685 956 1755 captis
965 1686 1094 1750 caesisve,

295 1761 345 1833 qni
354 1758 519 1830 pervicacius
529 1758 686 1812 restiterant.

350 1836 392 1888 ts.
414 1832 613 1906 Eosdemagros
623 1831 968 1903 Ampsivariiooaupavera,
981 1831 1095 1890 validior

294 1925 370 1982 gens,
384 1925 436 1964 non
447 1906 525 1962 modo
533 1924 582 1962 sua
592 1907 677 1978 eopia,
689 1906 736 1961 sed
745 1905 923 1980 adiacentium
932 1907 1096 1978 populorum

295 1983 477 2038 miseratione:
488 1983 552 2053 quia
562 1981 776 2054 pulsiaChsuois
786 1989 812 2035 et
820 1981 892 2036 sedis
901 1981 997 2052 inopes
1007 1990 1096 2038 tulum

295 2056 422 2111 exsilium
432 2056 550 2112 orabant.
589 2055 740 2128 Aderatque
748 2057 792 2121 iis,
803 2055 1021 2127 alarasperillas
1029 2075 1096 2132 gen-

294 2139 334 2186 tes
349 2137 375 2184 et
388 2130 466 2186 nobis
475 2146 584 2204 quoque
594 2129 678 2196 fidus,
696 2130 805 2185 nomine
812 2129 965 2197 Boiocalus,
979 2136 1098 2187 alnetum

294 2223 321 2259 se
334 2208 470 2260 rebellione
487 2204 628 2268 Obammaa,
644 2209 854 2269 iussu-Arminii,
874 2203 1008 2272 referens,
1022 2224 1095 2271 mon,

297 2281 397 2334 Tiberio
406 2287 430 2332 et
438 2278 592 2334 Gerasam'ao
601 2283 851 2347 declamaturum
859 2285 993 2336 aurulam.
1012 2281 1097 2347 Quin

294 2357 420 2422 quantula
432 2367 561 2406 annorum
574 2357 694 2423 obsequen
708 2359 736 2408 id
749 2371 848 2424 quaqua
856 2358 1011 2423 adiuuem,
1027 2362 1097 2426 quod

293 2417 841 2504 yantamaudmdiliantnastraeaubt'a‘aeret.
875 2429 1097 2498 Quotampartem

294 2505 381 2572 eampo·
393 2505 491 2563 lacera,
510 2505 538 2554 in
553 2518 631 2569 qaam
640 2521 737 2572 peoora
751 2511 777 2558 at
790 2512 909 2558 armentu
921 2507 1035 2559 militum
1044 2510 1097 2560 uli-
1160 2568 1161 2571 Ἴ

294 2581 399 2648 quando
412 2574 667 2634 transmitterentur?
685 2577 1028 2646 Seroarentsaueraoeptoe
1036 2598 1097 2648 yre-
1160 2640 1161 2643 Ἰ

292 2655 380 2722 albam,
391 2653 721 2719 intrabamtnamsamam;
740 2656 1096 2710 modoneoaslllatemotao-
1160 2646 1161 2659 ¹

294 2728 429 2781 titudinem
437 2727 873 2796 malleolquamamtaoeaopulas.
906 2726 1096 2784 ditamaoaram

294 2805 423 2868 quondam
436 2817 468 2853 ea
481 2817 560 2863 arua,
576 2816 638 2852 olom
655 2799 811 2863 Tubantum,
831 2809 856 2853 el
866 2809 927 2868 past
937 2802 1096 2870 -Ualpa‘oram

293 2877 382 2950 (amsa.
421 2873 507 2927 Stautr’
517 2875 614 2928 coelum
623 2876 686 2935 aeis,
697 2877 737 2927 ita
747 2881 832 2928 terras
843 2879 932 2942 umeri
944 2881 1096 2941 mortalium

294 2951 384 3010 datae:
395 2963 510 3017 quaeque
519 2963 625 3011 aarum,
637 2963 682 3000 eas
687 2950 808 3016 publicae
816 2965 876 3006 esse.
901 2947 989 3004 Solem
1000 2949 1097 3007 deinde
