2575 3734
196 521 218 556 l.
235 521 258 558 c.
273 502 321 574 ιο.)
401 513 470 556 777
498 514 550 557 111.
579 513 669 558 car.
691 507 714 557 7.
735 511 760 558 2.
959 515 1003 567 777

195 615 286 658 urgetur
299 613 323 648 77
336 619 349 648 7
361 611 458 660 principe
471 613 519 658 lpao
531 613 553 650 ot
569 612 601 650 77.
611 611 732 652 domatur.
762 613 888 654 Dolabellae
900 615 1005 658 777777777-

193 687 243 716 nem
261 678 296 716 ta.
309 678 411 726 reprimit
422 678 521 718 Tiberlnr
530 680 553 718 et
563 681 681 720 rentontlu
693 681 786 728 mltlrrt
813 681 845 722 70.
860 680 949 730 comni,
962 684 1006 726 En-

192 746 250 790 nlu,
262 743 343 794 capito
352 746 392 786 rei.
414 746 447 786 71.
460 746 574 794 7777777777
582 747 683 788 Fortuna.
701 747 739 788 lna
747 747 884 790 7777777777.
902 749 934 790 ll.
943 750 1004 792 nru-

191 813 235 852 llu
242 813 325 852 Paulli.
347 811 447 862 Pompeii
458 814 575 853 matrum.
596 815 628 854 77.
642 815 784 856 Teclarlnatlr
797 815 873 864 pellllo
885 815 1004 865 impanent.

192 881 225 919 77,
237 880 395 920 777777777777
409 879 544 930 alveolum:
563 881 650 922 narrem
663 883 710 922 7777
723 883 791 932 captu
809 891 848 922 nec
861 881 941 924 bellum
954 894 1004 924 oon·
1070 885 1074 897 ¹

193 946 244 988 cert
263 948 298 986 77.
306 947 368 989 Hora
378 947 482 995 Salonini,
491 947 608 998 Orpltonle,
624 950 656 988 77.
666 949 746 998 lunlre,
757 950 817 991 cnlut
827 949 922 990 colomna
931 951 1003 992 ronne.

241 1014 410 1056 Haectriennlo
420 1009 525 1064 3777717.
535 1015 617 1056 Valerio
626 1015 684 1056 7777.
688 1017 773 1056 Aurelio
785 1016 848 1064 0777,
861 1015 943 1058 ilberto
952 1018 1003 1068 imp

194 1081 232 1121 IV.
243 1081 477 1123 emorraeum.
489 1081 554 1131 77777,
566 1082 752 1132 &lapideam
761 1085 849 1126 Haterio
860 1083 917 1123 0777.

251 1172 277 1222 7
297 1157 385 1222 Nihil
406 1155 565 1222 intermissa
584 1167 760 1242 navigatione
777 1167 889 1226 hiberni
905 1172 999 1236 maris,

192 1243 352 1316 Agrippina
363 1243 511 1330 Corcyram
524 1243 645 1298 insulam
660 1242 816 1308 advehitur,
832 1245 911 1302 litora
922 1245 1002 1300 Cala-

192 1318 271 1372 briae
293 1327 390 1373 contra
408 1318 501 1373 eitam
530 1318 711 1390 Illictpaucos
731 1318 792 1373 dies
811 1321 1001 1392 componendo

193 1394 288 1448 animo
305 1394 438 1456 insumit,
459 1391 581 1448 violenta
595 1393 686 1458 luctu,
704 1400 731 1448 77
745 1395 838 1449 777777
853 1395 998 1452 tolerandi.

192 1469 317 1532 Interim,
334 1464 494 1522 adventu
470 1485 530 1522 erus
541 1467 649 1533 audito,
666 1469 781 1524 intimus
794 1470 914 1540 quisque
929 1472 1000 1524 ami-

193 1561 299 1609 corum,
314 1551 343 1598 et
356 1543 484 1629 plerique
494 1543 638 1608 militares,
653 1551 684 1598 ut
697 1544 803 1616 quique
818 1545 871 1599 sub
885 1545 1000 1600 Garma-

192 1619 255 1673 7777
270 1617 421 1706 stipendia
428 1616 562 1681 fecerant,
578 1619 715 1690 multique
729 1620 812 1673 etiam
824 1620 912 1705 ignoti
927 1621 998 1674 vici-

192 1695 269 1748 7777
282 1693 462 1764 municipiis,
486 1709 551 1764 pars
565 1685 716 1751 officium
708 1709 738 1748 ι7
761 1694 917 1763 principem
935 1695 997 1759 rati,

192 1768 287 1839 plures
302 1767 370 1822 77777
383 1769 486 1831 secuti,
506 1783 586 1824 ruere
605 1768 641 1822 ad
655 1767 791 1838 oppidum
808 1765 997 1831 Brundisium,

193 1842 268 1914 quod
283 1844 429 1916 naviganti
444 1842 620 1897 celerrimum
634 1841 861 1927 fidissimumque
879 1839 999 1912 adpulsu

193 1927 260 1973 erat.
290 1917 391 1989 Atque,
409 1917 459 1972 ubi
473 1918 596 1989 primum
610 1932 648 1971 en
660 1917 715 1970 alto
724 1917 787 1970 visa
802 1915 909 1980 7777777,
923 1932 999 1972 com-

192 1995 305 2066 plentur
315 2009 371 2048 non
380 1992 461 2047 modo
471 1999 567 2064 portua
578 1999 606 2046 77
615 1991 742 2062 proxima
753 1991 846 2055 maris,
858 1992 908 2046 sed
921 2007 998 2047 moc-

193 2070 239 2122 nia
252 2083 285 2122 ac
297 2076 379 2132 tecta,
391 2082 502 2138 queque
517 2068 680 2139 longissime
695 2067 864 2138 prospectari
880 2077 994 2138 poterat,

194 2143 377 2198 moerentium
389 2141 471 2197 turba
486 2149 514 2196 et
527 2142 707 2214 rogitantium
720 2143 792 2196 inter
802 2157 841 2206 sc,
853 2145 995 2206 7777777777,

193 2237 227 2273 cn
247 2235 310 2273 voce
328 2220 421 2287 aliqua
437 2220 606 2287 eyrecientem
628 2215 796 2285 exciperent?
823 2231 913 2288 neque
929 2218 996 2272 77777

195 2293 344 2357 constabat,
356 2292 426 2364 quid
439 2309 490 2364 pro
499 2300 622 2363 tempore
633 2291 717 2346 foret:
733 2307 797 2345 cum
807 2292 904 2347 classis
914 2292 998 2364 paul-

195 2367 271 2424 latim
280 2369 430 2432 successit,
445 2383 502 2422 non
517 2366 610 2432 alacri,
626 2375 658 2421 77
673 2367 787 2431 adsolet,
803 2367 929 2440 remigio,
946 2366 996 2421 sed

195 2444 300 2498 cunctis
316 2443 352 2497 ad
368 2444 509 2498 tristitiam
525 2442 695 2514 compositis.
723 2443 870 2514 Postquam
886 2441 996 2497 duobus

195 2535 256 2573 eom
269 2518 375 2581 liberls,
386 2516 502 2572 feralem
512 2533 609 2572 urnam
618 2525 725 2582 tenena,
738 2517 933 2589 egressa'navi,
946 2515 997 2570 de-

195 2593 367 2656 lixitoculoa,
379 2591 454 2646 idem
463 2594 586 2647 omnium
601 2593 736 2666 gemitus:
753 2606 843 2663 neque
854 2591 996 2645 discerne-

195 2685 237 2723 roa
249 2668 407 2739 proximos,
422 2667 541 2732 7777777,
557 2669 681 2726 virorum
699 2667 901 2724 feminarumve
914 2666 996 2737 plan·

196 2753 268 2798 etna:
289 2742 346 2796 niai
359 2741 436 2813 quod
450 2743 610 2799 comitatum
624 2741 806 2815 Agrippinae,
823 2739 906 2812 longo
920 2758 996 2798 moc-

194 2833 255 2874 roro
267 2816 381 2881 icarum,
395 2817 473 2872 obvii
486 2825 514 2872 77
526 2817 644 2878 recentis
658 2818 686 2872 in
701 2817 795 2874 doloro
805 2815 956 2871 anteibant.

247 2893 394 2949 Miserat
403 2893 473 2948 duas
482 2893 633 2964 praetoriae
641 2889 880 2953 cohortaremur,
889 2889 992 2953 addito,

195 2977 223 3022 rt
234 2972 405 3036 7777777777
414 2968 553 3024 0777777777
559 2969 690 3037 Apulique
699 2973 724 3022 77
735 2967 862 3032 Comperit
874 2981 996 3033 77777777

196 3060 258 3112 erpo
276 3046 426 3097 memoriam
442 3046 493 3112 filii
511 3048 553 3098 eui
571 3059 681 3098 munera
702 3039 879 3112 [7797777777.
908 3037 996 3110 Igitur
