2575 3734
307 469 341 522 st
587 475 823 522 ausanium
973 465 1131 542 (auam.

240 603 246 612 ·
307 582 379 641 nata,
390 591 472 648 mam
482 581 513 628 ut
520 573 628 645 penitus
637 574 736 630 sentire
745 573 904 631 credereurr.
931 575 1134 632 Paucioribus

307 651 426 705 Drusum
436 657 462 704 et
471 648 553 703 finem
562 647 664 721 lllyrici
673 657 762 706 motus
771 647 898 714 laudavit,
911 649 960 705 sed
972 650 1129 716 intentior,

307 724 529 782 etlidaoratione.
568 722 736 796 Cunctaque,
751 740 821 796 quae
831 723 1017 780 Germanicus
1029 725 1132 780 indul-

308 808 387 864 serat,
398 798 515 854 servavit
524 797 603 852 etiam
611 798 685 868 apud
694 799 858 854 Pannonicos
868 800 1023 866 exercitus.

338 920 341 925 ,
364 876 407 928 53.
427 871 528 928 Eodem
542 889 612 927 anno
628 873 697 928 lulia
715 889 871 944 supremum
890 873 961 928 diem
973 874 1069 939 obiit,
1093 874 1129 928 oh

309 947 504 1020 impudicitiam
518 945 582 1002 clim
597 964 612 1002 a
625 955 700 1018 patre
708 946 829 1020 Augusto
838 948 1000 1003 Pandateria
1015 948 1128 1014 insula,

310 1041 373 1078 mox
382 1021 675 1096 oppidollheginorum,
682 1023 730 1094 qui
736 1021 857 1077 Siculum
868 1021 965 1078 fretum
978 1023 1126 1087 accolunt,

310 1097 409 1152 clausa.
440 1096 536 1152 Fuerat
543 1097 574 1151 in
583 1097 751 1152 matrimonio
762 1097 869 1164 Tiberii,
881 1096 1049 1154 florentibus
1060 1097 1126 1154 Caio

310 1179 336 1226 et
344 1171 428 1226 Lucio
437 1170 608 1236 Caesaribus,
619 1179 824 1244 spreveratque,
835 1180 867 1227 ut
875 1172 1024 1244 imparem.
1070 1174 1127 1226 Nec

310 1245 363 1300 alia
375 1253 429 1300 tam
444 1245 538 1300 intima
550 1246 656 1302 'l'iberic
670 1263 777 1312 caussa,
794 1263 841 1302 cur
851 1247 975 1303 Rhodum
988 1247 1125 1303 abscede-

312 1329 359 1376 ret.
385 1321 531 1391 Imperium
539 1320 665 1392 adeptus,
682 1329 826 1387 extorrem,
842 1321 985 1388 infamem,
1005 1330 1050 1386 et,
1063 1329 1125 1393 post

311 1395 480 1450 interfectum
491 1395 809 1470 PostumumAgrippam,
821 1396 909 1454 omnis
918 1398 977 1469 spei
988 1413 1122 1471 egenam,

312 1471 401 1541 inopia
410 1487 442 1525 ac
450 1469 511 1525 tahe
519 1469 597 1544 longa
606 1472 728 1542 peremit,
735 1472 875 1527 obscuram
885 1470 940 1527 lore
950 1489 1051 1528 necem
1062 1471 1121 1526 lon-

312 1546 461 1619 ginquitate
471 1543 561 1599 exsilii
570 1553 653 1602 ratus.
693 1547 743 1600 Par
752 1564 846 1604 caussa
856 1547 982 1602 saevitiae
999 1549 1032 1601 in
1043 1545 1122 1600 Sem-

312 1621 438 1693 pronium
448 1618 614 1686 Gracchum,
625 1623 675 1693 qui
686 1619 785 1676 familia
796 1621 888 1688 nobili,
901 1619 996 1677 sollers
1007 1619 1120 1694 ingenio

313 1704 339 1751 et
352 1712 433 1769 prave
448 1692 593 1759 facundus,
614 1695 725 1750 eandem
739 1696 835 1751 Iuliam
851 1698 879 1752 in
895 1697 1071 1752 matrimonio
1080 1693 1116 1747 Μ,

314 1771 447 1845 Agrippae
456 1778 637 1825 temeraverat,
677 1771 732 1826 Nec
741 1773 765 1826 is
777 1771 882 1827 libidini
892 1771 967 1827 finis:
990 1770 1118 1826 traditam

314 1847 420 1901 'liberio
432 1846 558 1917 pervicax
571 1844 673 1900 adulter
687 1848 851 1902 contumacia
864 1854 890 1902 et
903 1847 972 1902 odiis
986 1847 1018 1901 in
1035 1843 1116 1900 mari·

315 1920 551 1976 tumaccsndehat:
573 1919 740 1994 litteraeque,
755 1939 823 1994 quas
834 1921 900 1976 lulia
914 1922 982 1992 patri
992 1923 1116 1994 Augusto

314 2011 378 2049 cum
387 1995 557 2051 insectatione
568 1996 667 2051 Tiberii
677 1998 814 2067 scripsit,a
825 1996 943 2052 Graccho
953 1995 1117 2068 compositae

314 2068 498 2124 credebantur.
537 2069 621 2142 Igitur
634 2079 739 2128 amotus
753 2071 906 2136 Cercinam,
926 2069 1012 2126 Africi
1032 2067 1113 2124 maris

315 2143 659 2214 insulam,quattuordecim
669 2147 747 2200 annis
756 2146 882 2202 exsilium
893 2144 1023 2201 toleravit.
1041 2145 1115 2198 Tunc

316 2218 429 2282 militas,
440 2217 475 2272 ad
484 2218 591 2273 caedem
601 2220 694 2284 missi,
710 2222 836 2276 invenere
844 2222 874 2276 in
883 2221 1045 2293 prominenti
1056 2217 1113 2270 lito-

316 2295 364 2358 ris,
375 2291 443 2347 nihil
455 2290 553 2347 laetum
563 2295 752 2364 opperientem.
786 2295 906 2362 Quorum
915 2295 1032 2351 adventu
1042 2297 1111 2347 orave

317 2377 415 2436 tempus
422 2367 529 2438 petivit,
540 2377 570 2422 ut
578 2385 700 2437 cupreum
708 2375 833 2426 mandato
842 2375 922 2426 uxori
931 2372 1060 2425 Alliariae
1066 2379 1112 2434 ptr

317 2446 419 2498 litteras
426 2445 516 2497 daret:
529 2443 714 2516 cervicemque
722 2446 924 2516 percussoribus
934 2444 1039 2509 obtulit,
1051 2455 1110 2496 con-

317 2516 901 2593 stantiamortishaudindignusSempronio
918 2520 1038 2587 nomine;
1058 2513 1110 2568 vila

317 2593 527 2666 degeneraverat.
567 2592 681 2660 Quidam
700 2612 753 2650 non
769 2596 851 2650 Roma
870 2611 914 2650 eos
933 2593 1046 2657 milites,
1066 2583 1109 2642 sed

317 2668 352 2722 ab
360 2669 392 2737 L.
403 2667 563 2739 Asprenate,
574 2669 731 2741 proconsule
741 2668 853 2737 Africae,
864 2671 962 2725 missos
972 2665 1106 2724 tradidere,

318 2743 543 2808 auctoraliberio,
550 2743 598 2816 qui
609 2743 706 2800 lamam
717 2745 805 2800 caedis
814 2745 931 2816 possein
941 2742 1108 2816 Asprenatem

319 2818 385 2873 verti
395 2816 492 2872 frustra
501 2826 660 2889 speraverat.

373 2895 416 2948 54.
436 2891 510 2946 ldem
520 2911 608 2948 annus
618 2911 700 2950 novas
710 2894 883 2948 caerimonias
898 2894 1011 2962 accepit,
1027 2885 1107 2944 addito

230 2946 233 2957 ⁴
319 2967 449 3024 sodalium
458 2966 647 3041 Augustalium
655 2968 813 3025 sacerdotio:
834 2975 865 3022 ut
878 2967 1011 3040 quondam
1022 2963 1050 3017 T.
1063 2961 1108 3013 Ta·
