2575 3734
197 505 258 546 nc.
273 487 323 562 zu)
413 500 491 546 un.
509 499 558 547 nv.
578 501 667 548 cae.
686 501 727 547 se.
747 503 789 548 ae.
944 501 988 554 aas

196 598 327 670 Hispania
346 597 529 655 admissum
548 599 665 673 quodam
683 591 780 675 sg'resti
798 601 912 658 nationis
930 604 994 660 Ter-

197 674 339 728 mestinae.
377 674 403 731 Is
413 681 558 745 praetorem
570 675 732 747 provinciae,
742 677 775 732 L.
786 676 918 744 Pisonem,
929 696 996 750 pace

197 749 377 814 incuriosum,
391 765 426 805 ex
438 749 584 821 improviso
595 751 626 806 in
638 749 735 806 itinere
742 751 859 816 adortus,
870 767 925 806 uno
934 753 996 808 vul·

198 840 261 879 nere
273 824 306 878 in
318 831 432 891 mortem
445 823 554 880 adiecit:
574 841 605 879 ac
617 823 771 894 pernicitate
780 825 843 897 equi
852 824 993 900 profugus,

198 906 343 971 postquam
355 895 485 954 saltuosos
499 897 569 954 locos
581 898 716 971 adigeret,
731 899 844 956 dimisso
857 916 936 972 equo,
947 917 995 972 per

198 973 311 1044 derupta
320 980 347 1026 et
355 972 416 1028 avia
424 973 561 1044 sequemis
570 970 712 1028 frustratus
722 983 771 1029 est.
797 975 891 1047 Neque
899 975 947 1030 diu
957 975 996 1030 le-

199 1046 279 1102 tellit:
301 1063 381 1112 nam,
405 1063 503 1119 prenso
526 1047 660 1120 duosque
682 1065 731 1120 per
753 1051 889 1121 proximos
912 1066 995 1123 pagos

199 1139 277 1194 equo,
289 1121 370 1176 cuius
378 1119 446 1176 foret
454 1122 604 1194 cognitum:
624 1129 651 1178 et
662 1131 791 1195 repertus,
802 1140 865 1180 cum
879 1132 996 1180 tormen·

198 1199 233 1252 tis
241 1195 322 1252 edere
331 1197 449 1252 conscios
458 1196 617 1269 adigeretur,
627 1213 691 1252 voce
700 1214 806 1271 magne,
817 1215 938 1256 sermone
946 1216 996 1272 pa·

197 1272 258 1337 trio,
268 1277 375 1341 frustra
383 1289 410 1326 ss
418 1276 585 1340 immodum,
595 1269 755 1328 clamitavit:
768 1277 922 1330 adsisterent
930 1279 996 1330 socii

198 1353 405 1415 connecterent,
438 1349 541 1399 nullm
552 1349 606 1400 cim
618 1354 718 1400 tontum
729 1350 827 1402 doloris
835 1353 899 1418 sore,
912 1357 941 1402 ut
950 1365 995 1402 ce-

198 1427 307 1476 ritatem
315 1422 426 1476 eliceret.
439 1419 567 1491 Idemque
575 1435 639 1474 cum
648 1427 751 1490 postero
760 1420 794 1477 ad
802 1421 994 1492 quaesitionem

200 1494 388 1559 reuehereuu,
403 1509 435 1549 eo
447 1494 511 1548 nisu
522 1493 693 1566 proripuitse
702 1495 865 1561 custodibus,
876 1513 995 1567 saxoque

198 1577 280 1642 caput
294 1567 405 1634 adflixit,
420 1568 548 1623 utstatim
557 1569 762 1626 exanimatam.
800 1568 852 1624 Sed
860 1571 922 1628 Piso
931 1571 995 1625 Ter-

199 1645 379 1700 mestinorum
392 1641 453 1699 dolo
465 1659 558 1698 caesus
568 1643 695 1699 babetur:
715 1644 764 1716 qui
773 1646 909 1715 pecunias,
920 1661 997 1715 opu-

198 1720 270 1776 blieo
282 1719 451 1791 interoeptas,
471 1717 569 1784 acrius,
588 1735 672 1790 quam
686 1725 717 1774 ut
728 1718 867 1776 tolerarent
878 1718 994 1783 barbari,

199 1795 299 1924 oegllba.
320 1866 432 1935 Lentulo
449 1866 600 1932 Gaetulico,
620 1865 652 1921 C.
672 1865 789 1923 Calvisio
805 1881 875 1922 cose.
894 1865 997 1924 decreta

199 1941 334 2015 triumphi
350 1942 466 2016 insignia
481 1943 602 2015 Poppaeo
615 1939 723 2006 Sabino,
737 1941 854 2004 centanis
864 1940 996 1998 Thracum

199 2019 338 2093 gentibus,
349 2017 398 2089 qui
407 2019 540 2074 montium
552 2016 630 2073 editis
638 2015 743 2082 inculti,
754 2023 833 2088 atque
842 2033 872 2072 eo
881 2015 995 2072 ferocius

200 2094 346 2168 agitabant.
385 2091 486 2148 Caussa
494 2097 593 2156 motus,
604 2107 686 2162 super
696 2090 836 2149 hominum
845 2091 994 2165 ingenium,

200 2169 275 2242 quod
287 2167 343 2240 pati
356 2166 483 2233 delectus,
498 2174 524 2222 et
533 2165 729 2223 validissimum
740 2182 874 2238 quemque
885 2165 997 2222 militiae

200 2251 308 2300 nostrae
316 2241 379 2297 dare
390 2242 612 2314 aspernabantur3
632 2257 668 2296 ne
679 2241 787 2314 regibus
800 2240 908 2313 quidem
918 2257 996 2314 pare-

200 2336 240 2385 re,
251 2319 351 2374 nisiex
359 2315 480 2383 libidine,
489 2318 570 2383 soliti,
581 2316 668 2382 antei
676 2317 807 2372 mitterent
816 2314 995 2380 auxilia,sucs

200 2394 325 2450 ductores
337 2391 488 2464 praeficere,
500 2407 551 2448 neo
558 2391 613 2449 nisi
621 2389 764 2446 adversum
773 2390 874 2446 accolae
885 2389 996 2464 bellige-

200 2486 270 2524 rare.
310 2466 518 2524 Actumrumor
526 2467 679 2532 incesserat,
690 2464 755 2530 lose,
765 2473 795 2522 ut
803 2464 997 2530 disiecti‚aliis-

201 2542 420 2616 quenutionibus
427 2542 562 2614 permixti,
568 2541 688 2597 diversas
697 2541 726 2596 in
733 2539 994 2596 terrastrabarantur.

200 2617 265 2685 Sed,
275 2626 419 2690 antequam
428 2633 503 2672 arma
512 2615 668 2686 inciperent,
678 2615 776 2670 misere
784 2613 892 2688 legatos,
902 2611 998 2670 amici-

158 2687 170 2710 ⁸
200 2694 268 2748 dam
277 2691 493 2764 obsequiumque
500 2697 707 2760 memorentros3
728 2698 753 2746 ct
761 2705 885 2744 mansura
894 2689 964 2751 boas,
972 2690 998 2744 ai

200 2771 276 2824 mello
287 2784 354 2822 noso
366 2782 443 2822 ceter·
456 2773 629 2820 tentarentur:
648 2768 699 2829 tic,
718 2772 748 2819 ut
759 2767 844 2824 oiotis,
854 2765 997 2818 sarcitum

200 2846 370 2905 immone,
383 2857 437 2896 esse
445 2843 496 2896 sibi
502 2845 602 2910 [mne
610 2848 635 2893 et
643 2844 806 2901 iuuentutem,
821 2844 845 2891 et
850 2845 997 2906 promptum

202 2920 326 2978 libertati,
340 2923 389 2970 out
396 2919 433 2970 ud
443 2923 557 2985 mutem„
569 2917 692 2968 cosmum.
730 2909 815 2966 Simul
825 2905 940 2972 castella,
950 2925 998 2962 ru·

202 2991 285 3063 pibus
303 2989 398 3055 indita,
419 2987 589 3061 conlatosque
606 2986 671 3043 illuc
687 2992 810 3058 petentes
826 2992 851 3036 et
870 2983 997 3052 coniuges
