2575 3734
282 488 333 556 etz
558 489 797 540 usnemun
948 482 1082 559 (aaran

258 627 262 648 .
283 593 443 669 sanguinem
465 589 571 658 effudit3
592 591 778 666 aemulataque
791 571 833 648 cst
845 591 964 648 coniunx
973 592 1086 650 Paxaea.

283 671 352 724 Nam
361 675 498 740 promptas
508 667 640 723 eiusmodi
654 674 753 738 mortes
764 674 853 722 metus
862 666 996 723 carnificis
1006 666 1089 724 facio-

283 743 341 812 bat3
363 750 389 798 et
403 743 468 815 quia
480 741 609 809 damnati,
620 740 764 814 publicatis
774 741 862 809 bonis,
875 740 1015 871 cognitura
1024 759 1089 815 pro·

282 816 459 874 hibebantur:
480 816 893 888 eorumquidesestatuebant,
924 816 1089 874 umabantur
1167 844 1168 853 ¹

282 895 402 966 corpora,
413 890 557 947 manebant
565 898 730 956 testamenta,
741 891 857 962 pretium
867 889 1020 948 festinandi.
1034 891 1089 949 Sed

283 967 390 1033 Cacsar,
411 965 505 1022 missis
522 965 555 1020 ad
574 973 697 1021 sanatum
717 965 822 1032 littoris,
837 965 976 1032 disseruit,
990 983 1090 1023 mem

281 1043 521 1114 foissemoiorilma,
536 1047 654 1110 qvotiens
662 1045 815 1096 dirimerent
825 1045 966 1106 amicitiae,
975 1041 1089 1097 interdi-
1121 1053 1125 1059 '

283 1119 1090 1186 caradomc,eumqac1lnem9mttooponore:tdooreponoic-

282 1209 311 1248 ae
328 1196 358 1246 in
375 1189 499 1244 Labeone.
538 1189 621 1260 Atque
632 1193 717 1254 illam,
737 1195 802 1260 quic
809 1193 878 1246 mulo
887 1194 1091 1249 metanoeae

279 1267 434 1337 proclamat
447 1265 610 1334 aliorumque
622 1268 762 1320 criminum
770 1268 920 1336 crematur,
932 1269 1037 1335 culmos
1045 1271 1090 1322 in-

282 1344 357 1396 cidie
369 1341 509 1394 emolere:
536 1343 639 1408 {reaten
656 1345 800 1396 coemo
816 1357 909 1405 acore,
930 1358 1019 1410 quom,
1040 1346 1091 1396 otei

283 1423 423 1478 nocentem,
437 1417 553 1482 amiculi
565 1423 651 1469 tornare
667 1424 798 1483 apertam
810 1419 898 1486 fuam.
937 1415 1090 1472 llamoecus

283 1488 347 1545 dein
360 1486 477 1544 Scaurus
491 1505 601 1544 rursum
615 1488 776 1566 postulatur,
791 1489 909 1564 insignis
918 1489 1091 1548 nobilitateet

283 1562 392 1620 orandis
406 1564 520 1627 caussis,
535 1565 590 1627 vita
603 1563 759 1636 probrosus.
798 1563 873 1619 Nihil
889 1562 962 1620 huuc
971 1566 1090 1622 amicitia

284 1637 383 1703 Seiani,
395 1637 443 1693 sed
453 1635 574 1693 labefecit
582 1638 657 1693 haud
667 1640 761 1694 minus
771 1638 893 1697 validum
902 1639 937 1695 ad
946 1639 1091 1696 exitialia-

284 1713 373 1769 cronie
392 1711 496 1779 odium,
517 1713 566 1786 qui
584 1713 692 1768 easdam
706 1721 776 1769 artes
790 1713 922 1772 occultius
935 1715 1087 1772 exercebat:

284 1787 469 1860 detuleratque
478 1795 668 1862 argumentum
678 1788 1089 1878 tragoediaemScaumscriptae,

285 1863 382 1919 additis
394 1863 527 1928 versibus,
539 1864 588 1935 qui
598 1865 626 1918 in
637 1863 777 1920 Tiberium
787 1862 961 1921 flecterentur.
987 1865 1091 1922 Varum

285 1939 319 1994 ab
333 1936 447 1994 Servilio
460 1944 487 1992 ot
496 1935 627 2003 Cornelio,
643 1939 852 2005 accusatoribus,
868 1937 1030 1997 adulterium
1043 1940 1092 1995 Li·

285 2013 355 2077 viae,
371 2010 510 2085 Magorum
526 2029 599 2070 sacra
613 2014 821 2070 oblectabantur.
861 2012 988 2080 Scaurus,
1004 2022 1035 2069 ut
1046 2015 1092 2070 di·
1168 2084 1169 2087 Ἴ

284 2102 372 2161 gnum
386 2086 522 2145 veteribus
535 2087 671 2153 Aemiliis,
690 2088 888 2145 damnationem
907 2088 1003 2159 anteit;
1027 2089 1093 2144 hor*-

284 2159 456 2290 tantorSextia
465 2178 557 2228 uxore,
575 2179 645 2235 quae
654 2164 858 2236 incitamentum
867 2163 962 2220 mortis
971 2170 998 2219 et
1006 2164 1093 2235 parti-

285 2253 348 2308 ceps
368 2235 418 2290 uit.

341 2311 383 2366 30.
405 2309 551 2366 notamen
571 2318 750 2378 accusatores,
773 2313 799 2367 si
823 2309 934 2368 facultas
951 2311 1091 2380 manaa,

285 2384 379 2455 poenis
393 2383 598 2446 adliciebantur:
619 2394 651 2442 ut
662 2385 795 2443 Servilius
809 2385 1013 2460 Corneliusque,
1028 2403 1095 2459 per-

285 2459 341 2514 dito
362 2457 462 2520 Scauro
480 2457 590 2524 famosi,
609 2461 675 2532 quia
693 2461 836 2533 pecarniam
854 2479 870 2517 a
885 2463 966 2519 Vario
979 2462 1092 2536 ligura,

285 2531 446 2590 omittendae
458 2531 609 2600 delationis,
629 2544 762 2606 ceperant,
778 2537 808 2592 in
822 2535 936 2602 insulas,
952 2537 1095 2595 interdicto

285 2607 344 2682 igni
354 2617 434 2682 atque
446 2626 525 2681 equa,
537 2608 636 2666 demoti
646 2618 720 2666 suut.
756 2611 791 2666 Et
801 2611 924 2667 Abudius
934 2612 1018 2677 Ruso,
1028 2610 1096 2670 fun-

286 2693 346 2739 ctus
356 2683 496 2749 aedilitate,
508 2683 579 2742 dum
584 2683 698 2741 Lentulo
708 2685 854 2753 Gaetulico,
864 2687 918 2743 sub
927 2703 983 2760 quo
992 2686 1095 2760 legioni

286 2757 445 2828 praefuerat,
466 2757 617 2831 periculum
637 2758 754 2827 facessit,
774 2762 848 2835 quod
861 2761 886 2817 fs
900 2759 991 2818 Seiani
1003 2761 1094 2818 filium

286 2849 417 2905 generum
430 2832 598 2902 destinasset,
616 2835 687 2892 ultro
699 2836 851 2904 damnatam,
867 2845 947 2912 atque
956 2837 1024 2894 urbe
1034 2839 1095 2894 oxi-

286 2908 369 3036 fitur.
409 2907 564 2965 Gaetulicus
573 2927 603 2966 ea
612 2911 922 2984 tempestatesuperioris
932 2911 1095 2969 Germamm

298 2982 405 3060 egtones
424 2983 543 3050 curabat,
560 2986 717 3063 mirumque
731 3003 849 3046 amorem
864 2986 1006 3045 adsacutm
1020 2996 1091 3061 aar,
