2575 3734
331 487 359 522 ru
642 479 817 522 rnsnnsri'o.

333 576 407 642 simi,
418 575 521 644 studia;
541 591 657 646 quorum
668 591 707 630 cx·
714 575 811 646 opibus
820 574 954 647 quidquid
967 593 1025 632 erc
1036 575 1084 632 vel
1097 577 1142 630 Ta·

333 669 379 722 citi
397 665 440 723 vel
459 666 586 721 lectorum
605 664 661 720 iore
684 665 851 730 iudicabam,
875 665 969 722 sedulo
994 669 1142 742 congessi,

332 757 572 830 interpunctionem
586 763 617 821 ct,
622 755 837 830 orthographiam
850 757 879 810 in
892 755 1036 829 plerisque
1046 759 1142 828 pristi-

332 865 396 903 nam
409 846 525 901 servavi.
563 847 650 901 Pauca
663 847 693 901 in
710 846 784 911 locis,
801 848 849 918 qui
863 847 990 901 omnibns
1005 847 1103 902 adhuc
1117 851 1142 906 in

332 937 493 993 editionibus
501 937 632 1003 mendosi,
644 945 674 994 ut
683 938 712 992 in
723 937 809 1002 libris,
825 936 965 1002 hahentur,
979 937 1043 1008 ipse
1053 944 1142 992 tenta·

332 1032 370 1092 vi,
384 1028 495 1082 neonisi
505 1027 591 1084 uhiin
600 1029 690 1100 aprico
703 1027 805 1083 medela
817 1035 881 1083 ersa
921 1027 966 1083 Sic
974 1028 1050 1084 Ann.
1062 1029 1142 1098 XIV,

333 1123 374 1174 46.
386 1123 533 1173 discordiae
544 1131 709 1176 cerneremur
718 1119 779 1175 dedi
788 1135 837 1192 pro
848 1124 875 1175 d.
886 1129 1050 1185 cruerentur,
1062 1121 1142 1194 quod

332 1208 412 1264 nihili
425 1220 474 1264 est.
512 1211 577 1276 XV,
591 1215 634 1268 28.
651 1212 747 1283 scripsi
761 1215 903 1282 carpebatur
915 1228 964 1282 pro
978 1213 1142 1280 anpcbotar.

331 1298 390 1366 XV,
401 1304 443 1356 65.
461 1307 490 1356 ia
502 1306 618 1358 sontibus
629 1320 678 1376 pro
692 1307 848 1368 insontibus,
862 1301 1045 1360 emendatione
1058 1301 1138 1357 facil-

267 1378 269 1383 ’
331 1393 406 1448 lima.
439 1393 507 1448 Hist.
518 1394 563 1458 ΠΙ,
576 1396 617 1449 47.
633 1394 667 1450 ad
678 1394 696 1451 f.
709 1399 832 1451 connects
840 1412 889 1468 pro
897 1412 1026 1450 aoomaa.
1062 1393 1133 1448 Hist.

332 1486 365 1550 V,
376 1488 402 1542 2.
415 1483 460 1540 fin.
475 1502 566 1540 nomm
579 1505 653 1555 ssao
665 1493 763 1560 secisse.
801 1487 890 1560 iguo.
903 1503 926 1542 o.
941 1489 981 1543 10.
994 1488 1135 1542 abdiderat

332 1594 380 1649 pro
389 1580 533 1646 adpetebat.
554 1581 700 1634 38.dcssrti
709 1581 786 1634 cottas
795 1596 843 1650 pro
853 1584 945 1633 secreti
955 1580 1040 1633 calles.
1059 1575 1142 1632 Dial.

332 1680 365 1726 de
374 1666 420 1728 Or.
432 1686 456 1725 c.
467 1672 510 1727 25.
522 1670 580 1725 init.
591 1674 720 1741 siquiden
729 1687 814 1726 oasam
822 1675 943 1740 fatemur,
954 1685 1002 1742 pro
1011 1673 1057 1731 sio,
1064 1685 1130 1738 puo-

332 1767 419 1818 mious
433 1767 530 1833 [mcor.
569 1763 611 1818 37.
628 1761 661 1818 ad
670 1761 690 1818 f.
703 1765 802 1818 clarior
810 1777 861 1840 pro
868 1765 967 1817 ocrim.
1004 1757 1129 1840 ‚Boinoa

238 1888 240 1893 -
333 1853 394 1910 dem
408 1853 538 1926 opusculo
552 1853 663 1921 adverti,
679 1871 748 1927 quae
761 1860 821 1926 post
830 1851 954 1911 lacunam
964 1869 978 1908 a
989 1853 1039 1908 fine
1048 1869 1070 1908 c.
1082 1856 1125 1909 35.
1141 1913 1142 1920 ,

333 1952 493 2017 sequuntur,
508 1946 628 2002 eiusdem
643 1946 731 2002 adhuc
744 1961 803 2000 esso
815 1943 953 2022 Messalas,
965 1944 1127 2016 Maternique

332 2037 487 2102 orationem,
497 2038 576 2092 cuius
588 2038 651 2092 finis
661 2046 764 2094 tantum
774 2045 854 2103 extat,
868 2037 955 2110 capite
966 2035 1070 2092 demum
1081 2039 1123 2092 tt).

333 2146 385 2185 av.
396 2128 456 2184 Noa
470 2132 502 2182 dc
513 2133 596 2183 otiosa
610 2137 658 2183 stc.
671 2129 764 2184 ordiri.
803 2129 923 2184 Laconas
934 2136 959 2183 et
968 2129 995 2184 in
1005 2127 1121 2199 reliquis,

333 2219 372 2274 uti
382 2218 453 2274 Anu.
464 2219 497 2284 V,
508 2221 534 2274 5.
544 2218 589 2284 VI,
600 2220 642 2274 51.
654 2217 736 2284 X1,t.
749 2226 774 2273 et
785 2223 828 2273 38.
839 2219 910 2284 XVI,
918 2222 959 2274 35.
972 2218 1120 2284 uisavao.

332 2327 367 2370 ne
378 2318 466 2366 errent
474 2307 593 2374 lectores,
607 2308 915 2383 accuratiusindigitavi.
952 2308 1068 2366 Ceterum
1077 2308 1122 2366 hic

332 2418 441 2475 quoque
454 2401 537 2456 aciem
551 2417 659 2456 omnem
673 2398 785 2466 intendi,
800 2408 830 2455 ut
842 2400 924 2456 libera
934 2399 1034 2455 mendis
1043 2402 1121 2456 oratio

331 2511 364 2561 ac
380 2495 439 2549 sinc
458 2490 605 2565 corruptela
623 2499 809 2565 praestaretur.
848 2491 882 2546 Ut
901 2491 965 2547 adeo
982 2488 1042 2546 haec
1054 2507 1118 2546 nova

332 2585 530 2660 elegantiorquc
549 2584 661 2656 pristina
677 2580 756 2640 editio
770 2591 796 2639 ct
810 2581 843 2638 ab
856 2584 970 2639 externis
983 2590 1006 2638 et
1015 2583 1117 2639 internis

332 2677 494 2748 cuicumque
511 2675 687 2732 Taciticorum
704 2676 862 2747 scriptorum
876 2674 974 2730 amanti
988 2673 1112 2729 meritissi-

333 2786 378 2824 mo
386 2766 566 2824 commendari
578 2767 669 2840 possit.

331 2905 335 2910 .
409 2859 466 2916 Sor.
485 2859 559 2932 Lips.
580 2876 665 2914 mens.
687 2859 741 2912 ian.
763 2873 785 2912 a.
808 2857 900 2912 XLVI.

882 2961 1023 3015 Weiss.
