2575 3734
123 287 235 303 ,ffl--v
275 289 295 291 ,,

187 519 313 595 naas.)
398 529 478 576 nro.
497 523 548 577 vr.
569 529 658 578 cnr.
678 515 720 579 ao.
741 533 782 580 a1.
941 531 992 586 ara

188 631 289 686 effusae
299 627 464 695 clementiae,
476 629 598 699 modicus
607 633 756 697 severitate,
763 640 789 687 et
796 634 993 706 proximoquo·

172 721 244 778 ·quo
258 703 397 770 exercitui,
415 717 463 776 per
477 703 509 759 L.
521 702 671 778 Apronium
685 722 822 772 socerum,
837 723 890 762 non
902 708 994 780 ingra-

187 789 243 834 tus.
276 778 354 833 Unde
363 776 435 833 sarna
443 787 577 846 constans,
589 797 687 836 ausum
697 782 801 836 mittere
809 780 843 835 ad
852 779 993 836 Caesmem

188 853 300 920 litteras,
321 853 487 923 Adficitotrm
504 857 556 908 aiii
570 871 627 910 rum
640 855 736 912 &sao
751 859 822 910 saud
835 865 933 924 monte,
948 859 994 912 oea

190 931 300 983 consilio
315 928 419 992 Tiberii,
436 937 566 996 coeptam:
582 933 691 996 pariam
704 947 739 994 se,
755 948 834 999 quom
853 931 992 995 Tiberium,

188 1005 250 1074 (cut
261 1005 386 1071 potuisse.
425 1001 514 1072 Neque
527 1019 641 1057 errorem
653 1008 761 1058 eandm
773 1006 992 1074 itltsiaesrocde,

189 1081 253 1133 alite
261 1080 345 1132 coitio
354 1078 505 1132 tuomum.
537 1075 595 1132 Sibi
603 1080 679 1146 fidem
687 1082 823 1147 inicorum,
833 1087 866 1141 et,
876 1084 902 1134 si
912 1082 994 1134 nullis

188 1155 295 1207 insidiis
308 1159 448 1220 poteretur,
465 1167 631 1206 momorum:
654 1169 826 1208 successorem
839 1157 992 1219 sonaliter,

189 1243 270 1295 quom
287 1229 414 1280 indicium
427 1230 531 1290 mortis,
545 1233 721 1294 acceptionem.
758 1227 908 1282 Firmorent
923 1231 995 1284 catut

188 1303 293 1371 sadus,
313 1316 364 1368 quo
379 1303 502 1368 princeps
519 1308 665 1355 ceterarum
678 1317 767 1355 rorum
776 1307 919 1368 potiretur,
939 1307 994 1370 ipae

185 1377 355 1444 prouinciam
363 1377 493 1428 retineret.
513 1373 592 1440 Haec,
603 1374 673 1429 mira
681 1391 857 1447 quamquam,
868 1376 949 1431 fidem
959 1391 994 1430 ex

190 1465 222 1504 eo
236 1447 386 1512 trahebant,
400 1444 474 1520 quod
489 1464 561 1503 unus
575 1447 698 1504 omnium
711 1446 800 1504 Seiani
810 1448 940 1505 adfinium
950 1450 995 1504 in-

190 1522 308 1578 columis
327 1518 465 1595 multaque
484 1523 567 1596 gratia
587 1525 700 1579 mansit:
730 1530 868 1595 mputante
886 1524 994 1580 Tiberio

189 1595 334 1668 publicum
353 1595 406 1650 sibi
424 1595 527 1668 odium,
545 1604 691 1653 extremam
710 1606 831 1663 aetatem,
851 1598 995 1670 magisque
1052 1634 1056 1642 ,

190 1671 272 1736 fama,
284 1685 366 1742 quam
376 1670 414 1736 vi,
426 1678 495 1726 staro
504 1687 546 1726 res
556 1687 630 1727 suas.

247 1747 290 1800 34.
312 1745 340 1800 C.
352 1743 449 1811 Cestio,
468 1745 505 1800 Μ.
516 1744 629 1802 Servilio
648 1762 718 1801 coss.
740 1742 843 1799 nobiles
856 1741 947 1797 Parthi
964 1745 995 1798 in

190 1819 289 1875 urbem
304 1837 410 1885 venere,
427 1820 519 1894 ignaro
533 1837 595 1894 rege
609 1819 752 1874 Artabano.
792 1817 828 1883 Is,
843 1825 917 1872 metu
927 1817 995 1872 Ger-

190 1894 294 1949 manici
307 1893 378 1948 fidus
391 1893 528 1960 Romanis,
542 1893 692 1966 aequabilis
700 1893 730 1948 in
740 1908 814 1957 suos,
825 1909 891 1948 mox
900 1907 998 1963 super-

189 1969 266 2024 biam
283 1969 313 2024 in
328 1985 386 2034 nos,
402 1969 541 2025 saevitiam
557 1969 586 2024 in
599 1967 742 2040 populares
756 1966 886 2038 sumpsit;
910 1964 995 2020 fretus

190 2043 288 2110 bellis,
303 2059 373 2116 quae
385 2043 502 2099 secunda
515 2043 659 2100 adversum
672 2040 856 2098 circumiectas
874 2041 995 2096 nationes

191 2125 356 2184 exercuerat,
371 2125 398 2173 et
412 2125 573 2173 senectutem
584 2118 694 2183 Tiberii,
710 2124 742 2172 ut
751 2118 892 2181 inermem,
904 2115 996 2186 despi-

191 2194 278 2258 ciens,
289 2192 439 2264 avidusque
448 2192 599 2259 Armeniae,
610 2185 795 2258 oui,deiuncto
803 2205 866 2264 rege
873 2189 993 2256 maaria,

192 2266 321 2333 Arsacem
332 2265 478 2322 liberorum
488 2283 599 2322 suorum
610 2268 794 2331 veterrimum,
807 2265 936 2336 inposuit,
947 2259 996 2318 ad·

191 2341 248 2396 dita
263 2340 433 2406 contumelia,
449 2349 474 2396 et
488 2339 590 2406 missis,
605 2341 655 2413 qui
668 2357 772 2414 gazum,
787 2339 921 2420 aVonone
931 2338 997 2392 reli-

192 2423 264 2470 ctam
283 2415 312 2470 in
331 2413 408 2490 Syria
427 2415 584 2488 Ciliciaque,
600 2423 775 2486 reposcerent,
794 2413 878 2469 simul
892 2420 995 2469 veteres

123 2523 126 2528 ,
191 2491 337 2546 Persarum
351 2505 382 2544 ac
393 2489 567 2546 Macedonum
581 2490 722 2555 terminos,
738 2505 822 2560 seque
834 2489 995 2544 invasurum

191 2581 319 2638 possessa
334 2563 413 2637 Cyro,
429 2572 455 2620 et
468 2571 528 2636 post
536 2562 696 2628 Alexandro,
709 2579 757 2634 per
766 2560 994 2634 vaniloquentiam

193 2657 225 2694 ac
235 2640 325 2694 minas
334 2639 455 2694 iaciebat.
494 2637 659 2694 SedPurthis
669 2636 789 2692 mittendi
799 2644 913 2691 secretos
924 2650 997 2688 nun·

192 2715 244 2770 tios
254 2713 440 2769 validissimus
455 2721 545 2769 auctor
555 2711 606 2767 fuit
615 2711 753 2776 Sinnaces,
768 2709 870 2783 insigni
882 2706 994 2774 familia,

193 2805 226 2878 r
239 2782 1016 2928 erumnam„

193 2879 438 3010 {airammum
478 2868 629 3002 {moitis
639 2877 679 2990 atp
674 2933 735 2990 aliis
745 2899 920 3006 primoribus,
931 2931 996 3002 quia

194 3011 332 3068 neminem
351 3012 439 3086 gentis
453 3009 647 3066 'Ar-saeidarum
667 3023 790 3065 summae
807 3006 998 3098 ralimponere
