2575 3734
199 506 322 583 neue.)
402 514 798 563 nnn.xv1.-cnr.2-r.
864 539 866 544 -
950 510 999 564 tte

198 618 261 675 illos
274 616 332 672 dies
343 612 459 688 populus
474 614 635 681 credulitate
650 614 793 688 prudentae
803 614 908 671 diversa
918 615 998 683 fama,

200 694 293 749 tulere.
333 691 373 746 Ac
387 690 452 746 iorta
466 690 668 763 quinquennale
681 689 815 745 ludicrum
828 689 945 746 seeundo
957 690 1001 745 lu·

201 778 255 823 stro
265 766 459 821 celebrabatur:
471 782 485 819 a
495 764 999 838 cantoribueoratoribusquepraeeipua

127 870 129 875 ·
201 842 311 899 materia
326 841 356 895 in
370 839 475 895 laudem
484 840 615 913 principis
625 839 767 913 adsumpta
777 846 825 895 eet.
864 840 1000 897 Naaman

200 920 293 972 entitas
308 925 407 971 tantum
420 920 516 986 [recrea.
531 933 577 970 aer
593 920 726 985 censuram
733 918 1001 990 metuitieaurumyt·

200 996 255 1061 qni,
274 995 319 1045 ead
333 1007 401 1045 nova
414 992 530 1045 ubertate
539 994 679 1063 provenire
693 1000 791 1045 terram
804 1000 829 1045 et
841 993 930 1045 οὺυὲαε
941 1007 1001 1059 epea

201 1072 302 1137 deterre
310 1068 389 1119 dener·
404 1080 527 1137 quaeque
537 1062 598 1129 etia,
606 1081 712 1119 summa
723 1063 846 1119 facundia
856 1080 905 1119 nee
913 1065 1001 1119 mino-

201 1158 230 1195 re
248 1138 409 1204 adulatione,
430 1138 538 1194 servilia
556 1138 701 1213 fingebant,
720 1141 809 1194 securi
827 1138 861 1194 de
877 1136 1001 1209 iaeiiitate

201 1214 340 1270 credentis.

256 1293 282 1344 3.
299 1286 438 1344 Gliscebat
451 1287 679 1345 interimiuxuria
694 1304 742 1359 spe
754 1287 839 1353 inani,
858 1304 1001 1345 eonsume-

133 1362 138 1369 '
201 1364 352 1435 banturque
362 1369 463 1418 veteres
475 1379 549 1434 opes,
563 1364 641 1435 quasi
650 1361 755 1426 oblatis,
805 1360 1001 1434 aemuiteaper

202 1454 285 1493 annos
302 1437 464 1511 prodigeret.
503 1436 575 1503 Quin
595 1446 620 1493 et
633 1437 696 1508 inde
709 1436 764 1493 iam
790 1436 953 1510 rrgiebatrn:
975 1445 1001 1490 et

202 1512 356 1569 divitiarum
367 1512 527 1583 exspectatio
539 1513 730 1583 iuterfcaussaa
738 1510 901 1583 paupertatis
910 1510 1001 1582 publi·

202 1605 248 1644 eae
257 1596 319 1643 erat.
341 1588 411 1645 Nam
420 1587 529 1653 Bassus,
541 1586 635 1646 effosso
644 1604 708 1661 agro
717 1602 767 1641 suu
775 1584 890 1658 latisque
898 1586 1000 1639 circum

203 1662 284 1728 arvis,
299 1662 366 1719 dum
378 1660 451 1717 hune
465 1660 508 1717 val
521 1661 600 1717 illum
613 1660 702 1716 locum
711 1660 838 1731 promissi
848 1675 944 1731 specus
953 1659 1001 1713 ad·
1014 1720 1016 1724 ,

203 1744 314 1804 neverat,
328 1744 534 1811 sequunturque
548 1752 602 1793 uon
616 1735 694 1791 modo
708 1734 816 1801 militer,
826 1734 875 1800 red
883 1732 1000 1808 populus

202 1814 357 1887 agrestium,
374 1810 511 1867 efficiendo
524 1811 599 1883 operi
607 1808 776 1883 adsumptus,
787 1809 903 1875 tandem,
915 1810 1000 1881 posita

204 1886 334 1952 vecordia,
344 1904 395 1941 noa
403 1890 474 1958 [alea
482 1895 542 1941 ante
553 1890 655 1941 romain
665 1902 723 1949 rua,
730 1902 811 1955 reque
819 1894 880 1941 tuae
885 1889 1001 1952 numum

204 1966 311 2025 elusum,
322 1960 466 2026 admirans,
477 1960 608 2033 pudorem
617 1967 643 2016 et
652 1967 754 2015 metum
764 1958 1001 2015 mortevoluntaria

204 2035 304 2111 affingit.
344 2035 459 2102 Quidam
472 2040 586 2111 uinctum
599 2046 624 2090 et
636 2053 699 2090 mee>
713 2038 847 2094 utrumve
858 2032 998 2098 tradidere,
1076 2025 1082 2036 ”

202 2116 330 2180 ademptis
340 2115 411 2166 bonis
420 2116 448 2166 in
458 2113 541 2165 locum
550 2115 640 2179 regiae
650 2127 742 2179 gazae.

258 2188 283 2243 i.
304 2186 405 2243 Interea
414 2193 533 2250 senatur,
542 2186 694 2257 propinque
702 2185 756 2238 iarn
765 2181 870 2239 lustrali
879 2182 1001 2237 eertami

202 2276 247 2327 ne,
267 2266 298 2316 ut
314 2257 429 2315 dedecus
448 2266 584 2325 averteret,
604 2259 679 2315 offert
696 2258 849 2331 imperatori
862 2258 1001 2313 victoriam

203 2343 306 2401 cannis,
322 2335 466 2407 adiicitque
479 2333 618 2389 facundiae
631 2349 765 2399 aaronem,
775 2350 830 2405 qua
843 2332 945 2387 ludicra
954 2331 1001 2386 de-

203 2409 323 2465 formitas
332 2408 473 2466 velaretru.
498 2407 639 2475 Sonuere,
650 2411 1001 2477 attritumtrtunerpotaate-

203 2494 228 2541 te
241 2495 347 2540 renatae
359 2502 424 2553 opus
437 2502 498 2549 aere,
513 2484 647 2549 dictitans,
662 2500 691 2537 ee
700 2500 813 2553 mquam
822 2487 947 2537 adem
955 2498 1001 2534 aa·

201 2563 294 2625 mulos,
310 2569 334 2615 et
348 2563 472 2630 religione
486 2564 601 2615 tudinum
615 2563 735 2613 mer-itam
748 2561 850 2612 laudm
863 2559 1002 2609 adsecutu-

201 2652 270 2699 rum,
281 2634 379 2707 'primo
393 2650 499 2689 carmen
513 2634 542 2690 in
554 2650 633 2689 scena
641 2633 746 2687 recitat:
776 2646 849 2694 mox,
868 2626 1002 2701 flagitante

201 2708 294 2783 vulgo,
306 2717 336 2763 ut
345 2714 433 2763 omnta'
440 2712 528 2763 studia
537 2726 586 2763 ertu
593 2711 741 2777 publicaret
752 2705 827 2778 (haee
838 2704 911 2757 enim
921 2702 1001 2758 verba

203 2782 303 2857 dixere)
317 2783 467 2857 ingreditur
481 2781 627 2848 theatrum,
647 2782 751 2837 eunctis
764 2779 879 2834 citharae
895 2776 1001 2851 legibus

204 2858 403 2930 obtemperans:
425 2874 459 2913 ne
469 2855 556 2913 fessus
565 2857 701 2921 resideret,
712 2870 746 2909 ne
755 2854 951 2918 sudorem‚niei
959 2868 999 2916 ea,

204 2949 288 3004 quam
301 2932 410 3009 indutui
423 2932 540 3007 gerebat,
553 2940 626 2989 veste
640 2932 797 3003 detergeret:
812 2936 849 2984 ‘ut
863 2927 936 2983 nulla
947 2927 1002 2981 oris

203 3015 250 3063 aut
264 3007 370 3062 narium
385 3014 551 3065 excrementa
565 3009 737 3135 viserentur.c
763 3006 897 3061 Postremo
915 3001 1001 3058 flexus
1055 3052 1065 3071 Ι

747 3084 797 3137 ci
