2575 3734
118 287 133 551 l

183 517 307 593 sust.)
375 525 456 572 nra.
476 523 540 571 nar.
561 489 649 572 car]
668 523 791 572 oa-ee.
931 520 982 577 siu

182 643 336 700 possessor,
368 627 492 700 antiquae
514 624 692 698 parcimoniae
716 624 840 681 laudibus
860 627 982 683 cumula·

182 705 273 759 batur:
585 738 590 754 .

238 779 281 832 bl.
302 775 337 832 nt
346 791 399 831 nen
410 773 488 830 freter
497 773 564 839 eius,
576 781 750 848 cognomenta
758 773 842 841 Felix,
856 776 915 848 pari
924 793 982 832 mo-

183 851 318 908 deraticue
335 849 442 925 agebat,
463 849 517 904 iam
535 849 640 920 pridem·
658 846 768 904 iudaeae
786 850 931 922 inpositus,
956 858 982 907 at

184 933 280 982 cuncta
289 923 426 980 malefacta
435 923 487 979 sibi
498 925 598 995 inpune
608 931 695 990 ratus,
712 931 782 979 tanta
792 926 907 996 pomnda
915 925 983 980 sub-

184 1003 258 1057 nixo.
297 1001 366 1055 Sana
384 999 558 1070 praebuerant
574 997 663 1053 ludaei
684 1000 800 1070 speciem
819 1007 908 1055 motus
926 1010 982 1056 crta

183 1077 326 1144 seditione,
347 1077 487 1147 postquam
506 1071 537 1140 G,
556 1069 662 1128 Caesari
682 1073 754 1129 baud
771 1074 981 1147 obtemperatum

183 1158 266 1220 essct3
283 1150 388 1224 cognitu
396 1148 475 1203 caede
486 1149 554 1212 elue,
565 1147 662 1202 sedata.
701 1149 822 1204 lianebat
831 1157 933 1218 mdes,
947 1153 986 1206 ne

183 1227 247 1299 quis
265 1224 420 1297 principum
440 1223 531 1278 eadem
553 1222 723 1294 imperitaret.
750 1223 851 1296 --lttquc
873 1225 981 1281 interim

182 1301 261 1357 Felix
270 1298 466 1372 intempestivis
473 1297 597 1372 remediis
605 1296 697 1352 delicta
705 1297 869 1365 accendebat,
876 1301 982 1358 aemulo

183 1375 376 1432 addatsrrima
391 1373 515 1429 llantidie
534 1371 667 1437 Cumano,
687 1373 732 1427 cui
749 1380 812 1446 part
830 1376 982 1446 provinciae

183 1451 346 1507 habebaturt
365 1449 402 1504 ita
412 1447 517 1512 muisis,
528 1454 557 1501 ut
566 1446 631 1502 huic
640 1446 819 1504 Galilaeorum
830 1450 914 1516 natio,
930 1450 982 1506 Fe-

184 1526 232 1581 lici
245 1524 389 1580 Samaritae
402 1527 536 1596 parerent,
551 1521 687 1578 discordes
699 1522 779 1588 olim,
795 1529 902 1590 ettum,
918 1541 982 1580 con-

184 1607 288 1672 temptu
302 1600 464 1674 regentium,
485 1598 576 1654 miuus
587 1597 712 1653 coercitis
724 1597 804 1654 odiis.
842 1597 927 1672 igitur
937 1617 982 1654 ra-

183 1679 260 1750 ptare
273 1676 340 1730 iuter
353 1691 395 1739 aa,
411 1673 544 1729 inmittere
557 1671 689 1728 laconum
698 1672 805 1747 globea‘3
825 1678 986 1744 componere

118 1759 119 1784 t
182 1750 311 1815 insidias,
326 1747 505 1822 utaliquando
518 1745 626 1821 proeliis
639 1747 778 1822 congredi,
799 1747 938 1819 spoliaque
957 1756 983 1802 et

183 1825 295 1898 praedas
306 1823 339 1878 ad
348 1831 527 1896 procuratores
537 1821 643 1878 referre.
682 1823 770 1896 ilique
778 1823 867 1896 primo
878 1821 980 1888 laetari,

118 1939 119 1944 κ
182 1917 249 1957 mox
262 1899 389 1974 gliscente
402 1900 532 1970 pamicie,
547 1913 610 1954 cum
625 1912 699 1952 arma
708 1897 825 1954 miiitum
835 1898 982 1953 interiecta-

179 1982 259 2048 ·sent,
280 1974 470 2030 mesimilites.
510 1973 680 2046 arsissetque
693 1972 763 2028 bello
779 1973 931 2046 provincia,
952 1973 981 2028 ui
1078 2029 1080 2032 ,

183 2049 350 2118 Quadratus,
366 2047 457 2124 Syriae
473 2055 569 2114 rader,
589 2048 769 2104 atabveuissct.
808 2046 863 2104 Neo
874 2046 922 2106 diu
935 2049 983 2103 ad-

182 2139 281 2181 versus
294 2123 416 2190 ludaeos,
436 2124 485 2197 qui
503 2125 531 2178 in
552 2141 643 2179 necem
663 2124 780 2179 militum
797 2133 979 2196 proruperant,

181 2199 349 2265 dubitatum,
368 2200 436 2272 quin
450 2200 534 2271 capite
546 2215 644 2271 poeum
664 2198 779 2254 luerent:
799 2198 937 2257 Cumanus
950 2207 982 2264 ,et

182 2273 263 2332 Felix
272 2275 464 2330 cunctationem
474 2272 639 2346 adferebant,
650 2274 715 2362 quia
724 2272 866 2341 Claudius,
878 2275 981 2330 caussis

182 2347 337 2408 rebellionis
350 2349 462 2415 auditis,
477 2350 520 2404 ius
533 2348 667 2404 statuenda
675 2350 755 2405 etiam
764 2349 990 2423 deprocuratcri-·

181 2427 237 2482 bus
255 2425 370 2481 dederat.
409 2422 461 2480 Sed
479 2421 629 2491 Quadratus
648 2424 763 2480 Felicem
786 2425 856 2480 inter
877 2425 980 2480 iudices

118 2507 119 2512 ’
182 2501 337 2567 menevia,
352 2507 487 2572 receptum
501 2501 530 2554 in
544 2497 675 2564 tribunal,
690 2516 745 2572 quo
754 2495 982 2571 studiaadcusan-

182 2578 252 2632 tium
272 2575 480 2631 deterrerentur:
503 2573 699 2646 damnatusque
717 2572 890 2649 flagitiorum,
906 2587 981 2646 quae

182 2651 238 2707 duo
246 2649 423 2724 deliquerant,
430 2649 580 2705 Cumanus:
592 2649 704 2722 et’quies
712 2649 863 2722 provinciae
869 2647 979 2703 reddita.

238 2727 283 2782 tt.
303 2726 359 2780 Nec
376 2724 461 2780 multo
478 2731 538 2796 post
556 2725 702 2799 agrestium
716 2723 831 2780 Cilicum
850 2723 979 2787 naticues,

184 2801 286 2874 quibam
296 2799 425 2856 Clitarum
435 2807 653 2874 cognomentum,
669 2806 781 2872 suspect
789 2796 855 2852 alias
864 2811 983 2853 mmmc-

184 2885 242 2942 tae,
256 2879 334 2942 tunc,
347 2874 496 2930 Troxobore
509 2873 588 2940 duce,
604 2882 708 2930 montes
720 2889 826 2946 asperus
836 2874 929 2928 eastris
938 2888 982 2927 ca-

183 2965 262 3024 pere:
278 2949 428 3023 atqueinde
437 2949 551 3004 decursu
561 2949 590 3004 in
600 2948 674 3004 litora
685 2955 730 3003 aut
739 2947 819 3003 urbes
828 2949 884 3002 vim
898 2946 983 3002 cuim·

149 3054 152 3060 .
183 3025 263 3090 ribus
273 3023 697 3099 etoppidaai,acplerumquein
706 3020 983 3078 mercatcrcsctnaai·
