2575 3734
316 491 367 548 m
597 495 833 543 anuinium
921 524 924 530 -
980 475 1119 561 (unito.

372 595 413 653 to.
435 594 507 652 ldem
521 611 609 650 annus
621 595 699 670 gravi
712 595 776 670 igne
787 593 883 650 urbem
899 593 1003 662 adficit,
1023 595 1122 653 deusta

316 679 390 744 parte
399 670 561 742 Circi,·quee
570 669 702 725 Aventino
710 670 844 743 contigua,
854 669 1118 742 ipsoquedventino.

317 745 395 814 Quod
403 746 534 802 damnum
543 743 640 800 Caesar
648 743 682 798 ad
694 743 807 816 gloriam
820 745 913 810 vertit,
928 744 1059 800 exsolutis
1071 746 1121 802 do-

317 837 414 877 muum
432 827 458 875 et
474 817 626 874 insularum
647 818 750 890 pretiis.
788 817 886 874 blillies
910 819 1065 874 sestertium
1089 838 1122 875 ea
1170 852 1171 855 =

295 933 297 938 -
317 894 499 951 munificentia
512 892 693 962 conlocatum
712 899 784 948 tauto
795 892 929 964 acceptius
943 894 972 948 in
989 892 1119 968 vulgum,

315 977 430 1043 quanto,
444 966 565 1023 modicus
577 967 690 1039 privatis
699 966 940 1033 aedificationibus,
960 984 995 1022 ne
1008 969 1121 1040 publice

316 1044 441 1117 quidem,
452 1042 506 1096 nisi
515 1041 570 1096 duo
577 1057 669 1113 opera,
680 1042 792 1108 emunit,
804 1039 935 1113 templum
944 1041 1083 1116 Augusto,
1095 1052 1123 1098 et

317 1135 424 1174 scenam
433 1115 586 1188 Pompeiani
596 1115 706 1177 theatri:
725 1133 810 1189 eaque
821 1115 948 1188 perlecta,
963 1119 1069 1173 contem
1090 1127 1122 1174 tu

317 1191 484 1256 ambitionis,
501 1207 534 1246 an
545 1207 593 1262 per
606 1198 783 1257 senectutem,
797 1190 871 1246 baud
883 1190 1024 1247 dedicavit.

316 1265 479 1322 aestimando
502 1265 635 1338 cuiusque
657 1263 815 1320 detrimento
835 1272 950 1338 quatuor
976 1269 1122 1340 progeneri

316 1339 447 1405 Caesario,
459 1338 508 1396 cn.
520 1339 661 1405 Domitius,
668 1339 778 1396 Cassius
783 1340 932 1414 Longinus,
937 1341 974 1396 bl.
981 1340 1120 1409 Vinicius,

316 1412 457 1469 Rubellius
479 1413 598 1470 Blandus
619 1412 728 1479 delecti,
753 1414 914 1487 additusque
936 1415 1122 1472 nominatione

315 1486 459 1544 consulum
469 1488 653 1544 P.Petrouius.
673 1489 707 1542 Et
715 1505 765 1560 pro
774 1489 882 1562 ingenio
890 1489 1024 1562 cuiusque
1032 1508 1122 1563 quae·

316 1564 361 1618 siti
374 1562 525 1636 decretique
538 1563 567 1617 in
580 1563 730 1634 principem
743 1563 866 1620 bonores.
905 1563 978 1631 Quos
995 1567 1122 1630 omiserit

316 1637 522 1710 receperitve,in
531 1635 742 1703 ineertoinit,ob
750 1638 934 1711 propinquum
943 1639 1014 1695 vitae
1022 1639 1118 1695 finem.
1170 1656 1171 1663 ¹

310 1714 410 1786 -Neque
419 1712 492 1768 enim
501 1710 585 1767 multo
596 1719 656 1782 post
663 1712 784 1783 supremi
797 1713 904 1768 Tiberio
914 1712 1052 1781 consules,
1066 1714 1118 1770 (ln.

316 1787 489 1853 Acerronius,
500 1786 531 1843 C.
543 1786 667 1852 Pontius,
682 1787 868 1860 magistratum
876 1804 1012 1860 occepere;
1031 1789 1119 1844 nimia
1169 1744 1172 1839 l

316 1865 370 1919 iam
379 1863 494 1934 potentia
505 1861 650 1927 Macronis,
664 1862 713 1934 qui
724 1862 837 1935 gratiam
844 1861 877 1917 C.
889 1859 1023 1928 Caesaris,
1034 1880 1121 1918 num·
1170 1916 1171 1923 ,

315 1937 461 2010 quamsibi
470 1936 626 2010 neglectam,
638 1937 764 1992 aminsin
773 1935 832 1992 dies
841 1935 955 2002 fovebat,
969 1936 1120 2008 inpulerat·
1170 1930 1171 1953 ¹

315 2028 383 2084 que,
403 2019 588 2084 postmortem
602 2010 743 2076 Claudiae,
763 2027 846 2084 quam
859 2018 971 2082 nuptam
986 2012 1012 2066 ei
1023 2011 1116 2078 retuli,
1170 2016 1171 2049 ³

316 2101 427 2140 uxorem
441 2101 519 2143 suam
532 2086 665 2151 Enniam,
686 2085 815 2141 imitando
827 2102 917 2141 amore
931 2085 1060 2142 iuvenem
1073 2088 1119 2142 in-

286 2173 290 2186 ·
309 2160 408 2224 licere,
424 2167 554 2233 pactoque
563 2161 727 2216 matrimonii
737 2161 851 2226 vincire,
862 2158 930 2216 nihil
941 2160 1116 2227 abnuentem,

314 2233 381 2288 dum
390 2232 583 2299 dominationis⁴
591 2236 762 2306 apisceretur.
802 2235 885 2300 Nam,
901 2235 952 2289 etsi
965 2244 1117 2292 commotus

314 2307 432 2380 ingenio,
442 2307 645 2365 simulationum
655 2317 744 2364 umen
754 2308 820 2365 falsa
831 2310 860 2364 in
870 2309 987 2365 sinuavi
995 2310 1118 2382 perdidi·

315 2388 394 2436 cerat.
540 2405 543 2410 ·
581 2399 583 2404 ·

370 2457 412 2510 to.
434 2453 554 2510 Gnarum
563 2455 614 2512 hoc
622 2457 753 2530 principi,
773 2474 858 2530 eoque
871 2456 1005 2514 dubitavit
1016 2457 1051 2513 de
1061 2466 1118 2514 tra·

258 2575 261 2580 .
314 2529 400 2584 denda
410 2545 468 2600 rep.
478 2530 598 2600 primum
607 2531 677 2585 inter
685 2540 805 2603 nepotes:
817 2549 934 2605 quorum
943 2532 1029 2588 Druso
1038 2534 1118 2606 geni·

314 2612 369 2670 tus,
380 2603 511 2678 sanguine
521 2610 546 2658 et
554 2603 661 2658 caritate
668 2606 790 2677 propior,
804 2607 852 2662 sed
860 2604 979 2662 nondum
989 2607 1118 2678 puberta-

313 2686 368 2732 tem
381 2678 532 2752 ingressus:
545 2677 706 2734 Germanici
720 2679 776 2734 lilio
787 2680 870 2736 robur
882 2681 1021 2747 iuventae,
1037 2681 1117 2756 vulgi

314 2752 412 2819 studia,
423 2767 508 2824 eaque
517 2751 589 2823 apud
598 2767 680 2807 evum
689 2752 743 2812 odii
752 2771 856 2810 caussa.
893 2755 1118 2812 EtlamdeClau·

314 2825 359 2880 dio
369 2826 488 2899 agitanti,
500 2825 573 2898 quod
584 2826 767 2898 is,oomposita
776 2829 1005 2893 aerembenmum
1014 2831 1115 2886 artium

287 2937 292 2941 .,
304 2900 427 2970 cupiens
440 2907 509 2964 erat,
524 2900 659 2956 inminuta
671 2917 749 2956 mens
761 2902 821 2957 eius
833 2902 943 2959 obstitit.
980 2903 1030 2959 Sin
1040 2914 1117 2960 extra

314 2973 425 3029 domum
440 2991 578 3030 auooessor
590 2983 776 3047 quaereretur,
794 2994 829 3032 ne
844 2977 973 3034 memoria
985 2978 1114 3054 Augusti,
