2575 3734
192 454 318 530 acue.)
405 465 486 511 mn.
504 466 541 512 ιι
563 466 653 514 our.
674 465 795 513 ae-eo.
965 466 997 520 eu

192 565 327 620 inditium
342 563 417 618 haud
442 571 616 636 ιφοπιιιιιι,
626 581 789 642 cougreorue
798 567 906 624 abnuit:
924 587 999 638 pom

192 644 272 703 min,
292 637 493 694 ecdemi'tcccc
506 643 679 704 internuntio,
699 658 829 697 ecrmcnee
847 657 1000 701 commeare.

190 714 281 785 Atque
300 712 413 768 interim
430 711 561 768 Libonem
579 723 811 786 ornatpraetura,
832 715 1000 772 convictibus

191 788 317 853 adhibet,
336 803 393 842 non
406 785 484 844 vultu
498 785 642 854 alienans,
664 806 717 844 non
735 789 826 846 verbis
846 793 1001 848 commotior

191 861 265 936 (adeo
277 862 351 916 irem
365 859 526 933 condiderat)
539 871 688 935 cunctaque
701 865 760 920 eiua
779 864 849 920 dicta
868 863 999 938 notaque,

192 954 254 992 cum
274 935 541 1008 prohiberemur,
561 937 631 993 scire
650 937 778 994 malebat:
803 939 887 994 donec
904 940 1000 995 luniur

192 1011 322 1083 quidun.
337 1017 468 1076 tentatur,
484 1017 516 1065 ut
528 1010 646 1067 internae
656 1012 766 1068 umbrae
775 1014 941 1070 carminibus
952 1014 1002 1070 eli-

191 1093 276 1151 ceret,
293 1083 493 1162 aaiFulcinium
503 1085 628 1142 Trionem
636 1086 768 1142 indicium
781 1087 883 1146 detulit.
924 1088 1001 1145 Cele-

192 1161 240 1215 bre
252 1159 326 1214 inter
339 1166 506 1216 coeuntem
516 1159 622 1216 Trionis
630 1160 771 1234 ingenium
784 1171 853 1229 erat,
874 1163 1001 1220 avidum-

191 1251 247 1307 que
254 1232 345 1289 famae
354 1232 450 1288 malae.
481 1232 575 1288 Statim
584 1235 693 1306 corripit
701 1253 789 1301 reum,
800 1236 855 1293 adit
863 1238 998 1302 consules,

192 1315 304 1364 senatur
311 1307 493 1381 coguitionem
501 1309 600 1380 puscit:
620 1317 782 1366 uuooentur
790 1318 888 1383 pauco,
900 1311 999 1377 addito,

193 1386 397 1438 concitandam
404 1399 484 1451 cuper
492 1399 522 1437 re
529 1400 626 1452 maana
633 1393 659 1439 et
670 1389 762 1440 moed.

246 1460 292 1513 29.
314 1456 383 1512 Libo
391 1456 514 1521 interim,
535 1466 609 1513 veste
623 1465 737 1525 mutata,
757 1476 820 1514 cum
834 1459 1000 1531 primoribus

194 1531 304 1588 feminis
314 1530 460 1586 circumire
468 1529 575 1597 domam
590 1548 666 1587 orare
675 1533 790 1600 aristaee,
802 1551 895 1590 uooem
905 1535 1000 1589 adver-

195 1625 256 1663 rum
268 1603 392 1678 pericula
405 1621 527 1676 poscere,
547 1606 727 1666 abnuentibus
741 1608 860 1673 cunctis,
880 1626 943 1664 cum
957 1608 1001 1664 di-

195 1697 270 1738 verse
284 1679 503 1753 praetenderent,
522 1680 614 1736 eadem
628 1681 780 1738 formidine.
819 1682 999 1746 mereamus,

195 1764 267 1812 metu
277 1763 305 1812 et
314 1754 484 1830 aegritudine
493 1753 595 1822 iesous,
607 1757 680 1822 eive,
695 1764 726 1813 ut
735 1754 866 1810 tradidere
876 1754 998 1826 quidam,

194 1830 321 1888 simulato
329 1829 439 1896 morbo,
460 1827 551 1885 lectica
561 1829 665 1887 delatus
675 1829 709 1886 ad
723 1827 792 1884 fores
806 1826 908 1894 curiae,
928 1827 1002 1884 inni·

193 1903 393 1980 rusqueiretri‚
403 1912 430 1960 et
439 1920 537 1960 manue
546 1922 577 1960 ac
585 1903 722 1975 supplices
731 1917 810 1958 voces
819 1901 853 1957 ad
863 1901 1000 1958 Tiberium
1101 1951 1111 1971 μ

194 1981 316 2048 tendens,
328 1981 441 2036 immoto
450 1980 509 2040 eiua
518 1979 594 2036 vultu
605 1979 748 2049 excipitur.
787 1976 849 2032 Mox
862 1966 965 2033 libellosl
974 1985 1001 2032 et

194 2065 315 2113 auctmee
325 2055 418 2110 recitat
427 2053 537 2120 Caesar,
551 2055 587 2110 ita
597 2053 753 2119 moderans,
767 2049 911 2119 retenire,
933 2069 1000 2108 neve

194 2128 601 2275 ”mmffliablilffizr
611 2203 736 2258 Trionem
746 2209 771 2258 et
781 2201 877 2258 Catum
890 2217 1000 2256 accura-

196 2290 263 2337 tcres
272 2279 404 2336 Fonteius
413 2277 533 2352 Agrippa
541 2286 567 2333 et
575 2277 606 2332 C.
616 2277 728 2342 Vibius,
739 2277 941 2349 certabantque,
954 2277 999 2330 cui

196 2357 238 2412 ius
246 2352 392 2428 perorandi
401 2353 432 2408 in
441 2367 518 2408 reum
527 2351 648 2408 daretur:
664 2352 749 2407 donee
756 2350 863 2416 Vibius,
875 2351 940 2424 quia
951 2366 1000 2405 neo

196 2431 248 2502 ipsi
255 2431 328 2486 inter
336 2445 368 2483 re
376 2425 562 2492 concederent,
583 2425 757 2482 etLibosine
767 2433 877 2497 patrum
890 2425 1000 2480 introie-

196 2513 249 2570 rat,
265 2502 465 2577 singillatimee
474 2501 588 2556 uimma
595 2501 763 2556 obiecturum
772 2497 922 2572 professus,
937 2513 1001 2570 pro-

197 2579 258 2636 tulit
267 2577 387 2643 libellos,
398 2575 524 2632 vecordes
533 2573 612 2640 adeo,
628 2582 660 2630 ut
668 2573 856 2631 consultaverit
864 2571 946 2637 Libo,
964 2587 1000 2626 cu

198 2657 334 2710 habiturae
343 2657 412 2723 soret
421 2668 494 2719 opes,
509 2655 568 2720 quw
577 2649 767 2718 oramippiam
775 2649 945 2702 Brundisium
955 2662 1001 2700 oe-

199 2745 245 2797 qao
251 2730 366 2796 pecunia
375 2729 496 2794 operiret.
529 2725 635 2780 inerant
643 2731 670 2778 et
678 2723 729 2778 alia
738 2717 935 2796 huiuscemodi,
947 2726 1001 2776 ato·

200 2801 266 2867 lida,
281 2817 366 2856 vanae
385 2799 410 2854 ri
421 2797 529 2866 mollius
539 2799 685 2870 acciperes,
700 2793 860 2852 miseranda.
900 2792 952 2848 Uni
961 2800 1002 2847 ta-

202 2892 261 2932 men
280 2872 371 2930 libello
389 2891 471 2929 manu
485 2872 596 2931 Libonis
615 2870 771 2929 nominibus
791 2867 935 2924 Caesarum
954 2875 1002 2920 aut

202 2957 353 3005 maurum
362 2946 466 3004 additae
474 2955 574 3003 atroces
583 2945 627 3001 vel
635 2943 838 3068 occultasssngtee
845 2949 859 3004 ,’
867 2947 1011 2992 ιοιιιειιοι·
