2575 3734
200 512 232 551 e.
245 494 337 569 aaa.)
398 504 475 549 nnn.
497 503 556 550 xv.
576 505 664 551 cna.
685 504 728 551 ee.
748 506 791 552 aa.
954 504 1003 555 395

201 608 305 661 stantia
316 621 395 674 penes
407 612 595 673 ntroeqnepar,
609 606 775 661 claritudinis
782 610 842 675 plne
851 614 883 663 ia
890 617 933 664 tna
944 614 1003 680 linc.

203 682 268 735 Post
276 696 347 753 quae
357 677 448 735 codem
456 678 511 733 ictu
520 678 628 734 brachia
638 678 708 735 ferra
716 680 866 737 exsolvunt.
894 682 1001 745 Seneca.

204 754 337 829 queniam
357 751 440 808 senile
457 770 553 825 corpus
566 760 591 807 et
600 770 683 825 parvo
695 755 768 810 victu
782 764 919 813 tenuatum
934 756 1003 813 lenta

204 830 305 903 effugia
316 827 440 901 sanguini
449 827 599 900 praebebat,
606 838 828 903 crurum'qucque
837 840 862 886 et
871 832 1002 905 poplitum

205 922 291 961 venas
298 903 440 973 abrumpit.
466 900 625 983 ,stonsque
644 904 805 960 eruentibus
823 905 953 972 defessus,
969 924 1004 962 ne

206 978 354 1035 doloresua
364 978 484 1031 animum
492 977 584 1032 uxoris
593 975 1004 1052 infringeretatqueipsevisen-

206 1054 314 1111 deeius
328 1058 456 1107 tormenta
469 1051 503 1107 ad
515 1052 698 1123 inpatientiam
712 1052 889 1121 delaberetur,
909 1056 1003 1111 suadet

205 1129 235 1185 in
250 1127 325 1183 eliud
338 1125 493 1182 cubiculum
506 1126 655 1183 abscedere.
693 1127 728 1182 Et
739 1129 886 1186 novissimo
895 1146 1003 1202 qaoque

206 1209 342 1259 momento
355 1200 539 1273 suppeditante
553 1200 712 1273 eloquentie,
726 1202 858 1260 advocatis
868 1205 1003 1275 scriptori-

206 1278 270 1343 bus,
286 1276 412 1349 pleraque
426 1275 541 1341 tradidit,
554 1292 634 1348 quue,
648 1276 677 1331 in
687 1276 787 1351 vulgus
797 1278 865 1333 edita
873 1279 933 1334 eius
943 1295 1003 1335 ver-

207 1353 260 1419 bis,
272 1353 402 1408 invertere
412 1350 581 1424 supersedeo.

263 1504 307 1557 tt.
327 1499 362 1556 nt
375 1500 453 1567 Nero,
470 1498 544 1555 nulle
556 1500 585 1555 in
598 1499 748 1572 Paullinum
761 1503 868 1573 proprio
876 1500 946 1567 odie,
960 1520 1002 1567 ac,

210 1592 244 1633 ne
257 1576 380 1651 glisceret
392 1574 493 1631 invidia
508 1574 679 1642 crudelitatis,
698 1576 815 1631 inhiberi
829 1584 940 1631 mortem
950 1578 1004 1630 im-

207 1659 291 1724 perat.
319 1650 492 1707 Hortantibue
499 1649 640 1716 militibus,
652 1650 724 1706 servi
734 1649 875 1724 libertique
885 1650 1004 1723 obligant

208 1726 326 1791 brachia,
346 1730 472 1797 premunt
489 1724 663 1798 sanguinem,
682 1724 820 1781 incertum
831 1743 872 1780 an·
884 1726 1001 1799 ignarae.

207 1802 287 1865 Num,
301 1806 332 1855 ut
346 1808 386 1855 est
394 1798 494 1873 vulgus
508 1799 541 1855 ad
550 1798 677 1855 deteriora
688 1808 852 1872 promptum,
863 1816 917 1855 uon
926 1798 1004 1854 dein·

208 1892 263 1941 ere,
278 1874 327 1947 qui
341 1874 483 1939 crederent,
497 1878 576 1930 donee
586 1878 767 1943 inplacabilem
774 1875 902 1931 Neronem
911 1880 1004 1929 timue-

208 1955 254 2012 rit,
263 1955 360 2019 {amam
367 1954 482 2005 sociatae
491 1966 549 2003 cum
556 1954 653 2005 maneto
661 1953 890 2017 mertiepctieieee:
902 1951 1002 2012 deiude,

208 2027 296 2080 oblata
309 2028 411 2079 mittere
423 2041 475 2091 epe,
492 2026 672 2079 blandimentis
683 2029 753 2079 ettae
762 2028 885 2078 em'ctam:
903 2023 948 2078 cui
956 2022 1005 2077 ad-

209 2098 276 2155 didit
284 2114 383 2170 pauens
392 2105 482 2169 postea
491 2096 719 2164 annes,laudabili
727 2099 758 2153 in
766 2096 893 2151 meritum
901 2114 1004 2153 meme·

209 2174 258 2239 ria,
273 2180 299 2228 et
311 2189 357 2228 ore
370 2189 401 2227 ac
412 2172 540 2227 membris
554 2173 583 2228 in
592 2190 655 2228 eum
664 2171 791 2246 pellerem
800 2171 961 2237 albentibus,
972 2178 1004 2226 ut

208 2248 322 2303 ostentui
335 2254 413 2313 esset,
429 2246 545 2303 multum
559 2246 649 2303 vitalis
664 2247 774 2318 spiritus
787 2253 916 2319 egestum.
955 2245 1003 2302 Se-

210 2338 273 2377 neca
282 2320 399 2387 interim,
412 2321 523 2377 durante
532 2329 615 2377 tractu
625 2328 652 2376 et
665 2320 821 2376 lentitudine
830 2321 933 2388 mortis,
944 2321 1003 2376 Sta·

208 2394 484 2463 tiumdnnaeum,diu
494 2396 546 2451 sibi
556 2396 688 2451 amicitiae
696 2394 748 2452 lide
757 2403 783 2451 et
791 2403 847 2451 arte
855 2396 1002 2451 medicinae

208 2471 357 2544 probatum,
371 2478 436 2536 erat,
451 2470 589 2542 previsum
602 2470 707 2543 pridem
721 2486 869 2535 venenum,
887 2484 942 2541 qua
954 2467 1002 2522 da·

208 2546 292 2601 munti
305 2543 413 2617 publico
426 2543 629 2601 Atheniensium
648 2544 747 2601 indicia
759 2545 999 2616 exstinguerentur,

209 2627 353 2693 promeret:
374 2618 644 2691 adlatumquehausit
652 2618 760 2684 frustra,
772 2618 885 2691 frigidus
895 2616 1003 2670 inmur-

209 2704 261 2761 tus‚
273 2702 299 2749 et
307 2692 397 2749 deuse
407 2711 514 2766 corpore
525 2693 667 2750 adversum
678 2694 734 2750 vim
743 2692 849 2747 veneni.
866 2691 1002 2746 Postrema

210 2776 333 2841 stagnum
352 2768 451 2823 calidae
469 2786 554 2841 aquae
571 2768 681 2834 introiit,
696 2766 1002 2840 respergenspraximcs

212 2860 356 2909 servorum,
379 2843 466 2898 addita
485 2859 562 2899 vace:
592 2846 674 2897 libare
687 2860 715 2896 ee
728 2844 853 2911 liprtcrem
867 2844 941 2896 illum
951 2858 1005 2895 tart-

211 2926 358 2973 mannn'ronr.
395 2918 466 2973 Exin
475 2917 569 2987 balneo
578 2916 687 2982 inlatus,
702 2923 728 2970 et
736 2932 833 2987 vapore
842 2917 900 2970 eius
910 2916 1003 2970 exani-

212 2998 307 3059 metas,
319 2993 377 3048 sine
386 2992 442 3049 ulla
452 2991 552 3047 funeris
565 2991 668 3049 solenni
678 2998 817 3047 crematur.
847 2991 885 3046 lta
894 2989 1003 3048 codicil-
1041 2989 1043 2992 ’
1056 2996 1059 2999 “
