2575 3734
317 467 349 520 ts
597 472 832 519 tunsurus
979 463 1122 524 (nonos.

371 574 414 627 75.
435 572 490 628 Neo
510 571 619 628 Petrum
637 573 836 648 cognitionibus
858 576 986 638 satiatus,
1014 573 1124 630 iudiciis

317 646 454 702 adsidebat
462 647 491 701 in
501 664 584 703 cornu
594 647 751 714 tribunalis,
767 665 801 704 ne
813 657 962 720 praetorem
973 647 1070 704 curuli
1080 649 1124 704 de-

316 721 439 795 pelleret,
453 721 593 794 multaque
606 739 637 778 cc
645 739 735 779 coram
744 722 873 793 adversus
883 723 1022 778 ambitum
1037 733 1065 780 ct
1078 741 1124 795 po-

316 797 431 852 tentium
440 798 691 868 precesooustituta.
706 797 834 854 Seddum
844 799 948 854 veritati
956 798 1123 864 consulitur,

317 871 425 927 libertas
448 865 675 943 oordmpchaon.
714 873 785 928 inter
807 889 877 946 quae
896 873 960 928 Pius
981 872 1122 931 Aurelius.

318 955 434 1009 senator.
446 953 572 1017 questus,
583 951 648 1001 mols
654 950 775 1016 publicos
784 953 842 1004 cieo
850 951 981 1017 ductuque
990 966 1124 1018 equorum

318 1023 460 1089 tabefactos
469 1024 620 1087 aedissam,
631 1021 765 1077 auxilium
774 1030 881 1095 patrum
891 1022 1046 1078 invocabat.
1074 1023 1124 1078 Re-

317 1094 475 1152 uisentibus
492 1097 587 1151 aerarii
604 1096 771 1168 praetoribus
788 1096 915 1156 subvenit
927 1096 1043 1164 Caesar,
1064 1115 1124 1169 pre-

317 1171 442 1240 tiumque
449 1168 557 1224 aedium
566 1169 674 1227 Aurelio
685 1173 785 1237 tribuit,
797 1172 943 1246 erogandae
951 1189 1003 1243 per
1013 1171 1123 1228 honesta

318 1243 447 1316 pecuniae
459 1245 585 1316 cupiens:
605 1263 688 1318 quam
705 1249 829 1302 virtutem
847 1246 894 1303 diu
912 1248 1042 1313 retinuit,
1062 1263 1122 1302 cerm

318 1327 417 1374 ceteras
431 1328 547 1376 exueret.
588 1321 722 1392 Propertio
735 1321 836 1388 Celeri,
851 1323 998 1393 praetorio,
1017 1323 1121 1377 veniam

319 1392 420 1448 ordinis
434 1393 469 1448 ob
481 1403 663 1466 paupertatem
675 1397 788 1468 petenti,
803 1396 890 1452 decies
904 1398 1062 1454 sestertium
1073 1397 1122 1451 lar-

318 1470 392 1541 gitus
405 1477 460 1533 est,
479 1470 546 1524 satis
559 1479 706 1541 comporto,
726 1479 848 1542 paternas
862 1472 888 1526 ci
901 1473 1044 1546 angustias
1052 1487 1118 1526 esse.

320 1544 457 1600 Tentantls
468 1543 562 1600 cadem
574 1544 641 1600 alios
655 1546 767 1617 probare
779 1563 902 1602 caussam
913 1547 1022 1604 senatui
1032 1546 1119 1608 iussit.

319 1618 446 1691 cupidine
463 1621 626 1686 severitatis,
645 1621 674 1675 in
690 1621 733 1676 his
747 1622 840 1687 etiam,
859 1638 930 1694 quas
946 1623 1001 1688 rite
1015 1621 1119 1683 tacco,

319 1693 441 1751 acerbus.
480 1694 557 1750 Unde
568 1696 648 1750 ceteri
659 1694 797 1752 silentium
812 1704 838 1752 et
856 1705 1042 1769 paupertatem
1061 1713 1119 1750 oon·

320 1769 430 1828 sessioni
439 1778 466 1826 ct
473 1769 602 1826 beneficio
609 1783 794 1842 praeposuere.

376 1847 420 1901 76.
435 1845 535 1902 Eodem
545 1863 615 1902 anno
623 1847 757 1902 continuis
766 1845 901 1902 imbribus
911 1853 1007 1903 auctus
1018 1846 1119 1902 Tiberis
1135 1898 1143 1922 ἱ

320 1919 400 1993 plena
408 1920 485 1976 urbis
493 1930 673 1998 stagnaverat:
693 1920 854 1977 relabentem
869 1928 959 1976 sacua
972 1929 1016 1977 est
1031 1917 1120 1977 aedili-

320 1996 424 2050 ciorum
435 2003 463 2050 at
479 1995 621 2053 bominum
639 2006 750 2072 strages.
790 1997 874 2070 Igitur
891 1991 996 2054 censuit
1010 1997 1119 2052 Asinius

320 2068 429 2131 (tutu,
443 2055 681 2144 uetustiore
694 2077 839 2128 corrasor.
879 2071 1118 2131 omnimodus.

321 2142 431 2215 perinde
444 2141 536 2199 divina
550 2145 722 2218 humanaque
736 2146 870 2220 obtegens.
909 2145 962 2201 Sed
971 2145 1119 2203 remedium

321 2217 457 2274 mercendi
470 2216 591 2274 fluminis
605 2222 680 2276 Ateio
695 2219 816 2291 Capitoni
830 2228 857 2276 et
865 2221 896 2276 L.
907 2221 1036 2280 Arruntio
1044 2237 1120 2277 man-

320 2293 422 2349 datum.
462 2292 590 2349 Achaiam
599 2293 834 2360 aoidacsdonhrn,
849 2311 929 2352 onera
942 2295 1115 2368 depreearuis.

321 2367 404 2425 lovari
413 2368 442 2422 in
452 2385 578 2439 praesens
586 2369 769 2441 proconsulari
782 2371 907 2441 imperio,
921 2374 1046 2445 tradique
1055 2371 1118 2426 Cae-

320 2444 375 2499 sari
384 2441 493 2515 placuit.
532 2444 652 2500 Edendis
665 2443 872 2520 gladiatoribus,
886 2463 956 2518 quos
968 2441 1117 2503 Quanto

193 2533 201 2548 ·
319 2518 410 2573 babis
426 2535 459 2573 ao
475 2535 526 2575 suo
549 2520 657 2575 nomine
678 2519 821 2587 obtulerat,
850 2521 954 2577 Drusus
977 2517 1115 2594 praesedit,

321 2593 935 2744 tffiteibtttiitttttitt:
956 2596 1029 2728 ‘ii
1037 2591 1117 2725 iit?

321 2744 411 2799 nuerit
418 2744 568 2816 spectaculo
577 2745 646 2816 ipss,
657 2747 730 2801 varie
742 2745 894 2802 trahebant:
910 2744 957 2802 alii
967 2745 1052 2802 taedio
1061 2755 1117 2798 coe-

321 2828 379 2884 tus,
399 2818 511 2890 quidam
524 2820 630 2876 tristitia
642 2821 759 2894 ingenii,
780 2829 805 2876 ct
819 2828 892 2876 metu
905 2816 1116 2894 comparationis,

321 2893 386 2966 quia
394 2891 534 2967 Augustus
547 2896 657 2950 comiter
669 2893 840 2951 interfuisset.
879 2895 938 2952 Non
951 2892 1115 2952 crediderim.

322 2967 356 3023 ad
368 2969 551 3025 osteumdam
561 2970 714 3036 saevitiam,
730 2969 927 3042 movendasque
936 2969 1029 3043 populi
1038 2965 1117 3024 offen-
