2575 3734
128 488 129 491 ,
215 433 342 511 aejsa.)
425 446 504 489 nra.
523 445 583 491 xv.
605 446 693 491 can.
714 446 755 491 rr.
775 445 815 491 ra.
968 441 1017 513 399

128 522 129 581 ἶ
216 554 244 601 et
254 546 374 602 Cervarii
386 542 492 601 Proculi
505 542 626 601 festinata
645 544 744 602 indicia
761 544 910 617 inpunitate
927 562 1019 601 remu-

217 628 342 675 neratur:
359 619 495 683 Milichus,
506 620 633 690 praemiis
641 620 750 684 ditatus,
762 620 956 676 Cmuercotort‘c
965 622 1018 677 sibi

216 694 439 761 nomen‚„Graoco
448 694 506 749 eius
515 694 555 749 rei
564 693 703 760 vocabulo,
712 694 871 767 adsumpsit.
899 695 1019 751 Etribu-
1075 734 1080 741 ·

128 766 129 797 r
217 771 263 825 nis
274 769 392 825 Granius
405 766 540 833 Silvanus,
560 769 687 841 quamvis
701 768 852 843 pbsolutus,
872 786 922 825 sua
935 787 1018 825 manu

128 854 131 887 ἰ
214 844 328 899 οεοὶῶιε
349 842 1018 916 StatiusProximusveniam,‘quamabimperatore

128 930 131 962 1
217 919 489 991 acceperat‚vanitato
502 918 734 989 exitusoonrupit.
773 910 1018 975 Exutidebin'etri-

128 1005 132 1038 ῑ
215 994 321 1048 bunatu
331 993 485 1065 Pompeius,
501 991 640 1048 Cornelius
650 992 787 1058 Martialis,
798 994 908 1049 Flavius
918 994 1016 1066 Nepos,

128 1080 134 1115 t
215 1068 318 1123 Statius
326 1068 469 1132 Domitius,
485 1070 712 1136 qnosiprtncipcm
724 1072 1015 1138 connumerandum,

133 1181 135 1188 .
215 1147 262 1197 scd
273 1151 358 1197 tomen
367 1146 589 1197 existimarentur.
612 1142 697 1197 Novio
707 1142 806 1207 Prisco,
816 1143 1017 1214 peramicitiam

130 1212 132 1222 '
215 1217 342 1282 Senecae,
354 1225 379 1271 et
389 1216 471 1271 Glitio
481 1214 556 1273 Gallo
565 1223 645 1288 atque
655 1216 743 1271 Annio
752 1216 874 1283 Pollioni,
882 1217 1017 1273 infamatis

128 1306 138 1343 r'
217 1290 742 1366 magis,quamoonvictis,dataexsilia.
773 1291 894 1348 Priscum
904 1292 1018 1347 domnia

217 1366 344 1425 Flaccilla
358 1366 475 1421 coniunx
485 1366 606 1421 comitata
616 1373 669 1421 est:
691 1364 800 1421 Gallum
811 1367 923 1440 Egnatia
932 1368 1018 1423 Maxi-

215 1441 304 1507 milla,
320 1441 426 1515 magnis
439 1440 559 1513 primurn
572 1446 597 1495 et
611 1440 721 1513 integris
734 1441 841 1512 opibus,
855 1449 916 1513 post
927 1442 1019 1497 adem-

128 1564 129 1575 ,
217 1517 283 1587 ptis.
322 1514 398 1583 Quae
409 1522 523 1587 arbaque
534 1513 645 1588 gloriam
660 1515 719 1570 aius
728 1532 835 1571 auxere.
875 1516 984 1571 Pellitur
993 1525 1019 1571 et

217 1590 316 1646 Rufius
330 1589 481 1661 Crispinus,
496 1590 633 1645 occasions
645 1590 844 1655 coniurationis,
859 1589 907 1645 sed
920 1592 1017 1645 Neroni

217 1666 336 1730 invisus,
351 1664 424 1741 quod
437 1664 585 1736 Poppaeam
599 1664 734 1737 quondam
749 1665 918 1720 matrimonio
926 1672 1019 1719 mnne-

136 1800 139 1811 ¹
211 1748 267 1795 rat
282 1739 435 1814 virginium
445 1739 570 1793 Flaccum
580 1745 605 1794 et
613 1739 769 1794 Musonium
779 1738 880 1793 linium
889 1735 1018 1809 claritudo

218 1815 338 1871 nominis
348 1813 459 1886 expulit.
499 1814 567 1868 Nam
577 1814 717 1887 Virginius
726 1814 814 1869 studia
824 1814 953 1877 iuvenum
963 1813 1018 1868 elo-

218 1890 340 1961 quentia,
351 1888 491 1945 Musonius
501 1888 648 1960 praeceptis
659 1888 804 1959 sapientiae
813 1888 925 1944 fovebat.
953 1888 1019 1944 Clu-

218 1960 435 2029 vidienoQuieto,
446 1962 661 2037 luliodgrippae,
672 1962 885 2029 BlitioCatulino,
898 1964 1018 2019 Petronio

128 2078 129 2095 ,
148 2077 149 2083 κ
218 2038 320 2103 Prisco,
336 2037 402 2093 lulio
416 2038 515 2103 Altino,
532 2036 647 2093 velutin
660 2054 756 2111 agmen
765 2044 953 2101 etnumerum,
966 2037 1019 2093 Ae·

211 2113 279 2181 atei
297 2114 380 2169 maris
398 2112 503 2169 insulae
522 2114 721 2185 permittuntur.
760 2112 794 2168 dt
811 2111 927 2177 Codicis,
950 2130 1018 2168 uxor

128 2194 146 2256 J
217 2170 342 2247 {marini
366 2195 391 2243 st
414 2187 558 2244 Caesonius
580 2187 716 2243 Maximus
739 2187 813 2242 ltalia
832 2187 1016 2261 prohibentur,

142 2272 144 2283 '
219 2280 278 2318 reos
297 2262 438 2328 fuissese,
458 2270 560 2317 tantum
575 2278 660 2333 poena
674 2262 786 2332 experti.
824 2261 920 2326 Atilia,
934 2270 1018 2317 mater

219 2338 323 2393 Annaei
337 2337 448 2403 Lucani,
464 2338 524 2391 sine
536 2335 710 2401 absolutione,
724 2338 785 2391 sine
796 2336 930 2410 supplicio
937 2336 1019 2391 dissi-

128 2408 132 2483 ζ
218 2410 329 2468 mulata.

273 2488 317 2543 72.
338 2484 444 2555 Quibus
457 2486 612 2558 perpetratis
626 2486 705 2549 Nero,
722 2492 749 2541 ct
761 2488 886 2541 concione
899 2481 1017 2538 militum

218 2562 319 2628 habita,
339 2560 403 2617 bina
423 2578 566 2617 nummum
585 2558 670 2614 millia
684 2560 784 2616 viritim
803 2557 1017 2628 manipularibus

128 2660 130 2675 ,
146 2648 148 2657 '
218 2636 321 2701 divisit,
336 2634 492 2708 addiditque
503 2636 562 2691 aine
571 2636 656 2707 pretio
665 2633 839 2696 frumentum,
849 2648 905 2703 quo
914 2639 974 2686 anto
983 2648 1018 2687 ex

136 2731 154 2767 ·,
219 2708 587 2767 modoannonaeutebantur.
626 2708 800 2780 Tum,quasi
857 2704 962 2761 tubello
970 2722 1018 2759 ex-

222 2786 367 2856 positurus,
378 2792 454 2841 vocat
468 2792 590 2841 senatum
601 2790 626 2839 et
635 2780 797 2854 triumphale
824 2798 888 2838 eous
897 2782 1018 2838 Petronio

138 2881 141 2892 ·
221 2858 376 2931 Turpiliano
383 2858 528 2923 consum,
540 2858 649 2914 Cocceio
659 2858 762 2912 Nervae
770 2856 884 2929 praetori
893 2855 1018 2929 designa-

128 2962 139 3011 ·,
223 2944 255 3001 to,
272 2934 401 3009 Tigellino
413 2932 545 3007 praelecto
557 2933 682 3006 praetorii
695 2931 798 2999 tribuit,
816 2930 978 3006 Tigellinum
992 2936 1019 2983 et
