2575 3734
282 469 334 526 att
565 473 803 524 inuentos
948 466 1086 542 (nosco.
1162 490 1163 493 ¹

277 593 347 632 -nam
361 575 433 648 ipse,
449 573 660 663 haudquaquam
669 576 715 630 sni
726 574 869 663 demumr,
884 593 1090 634 umcmnmo

283 648 1090 796 ”titttffltttt‘rtntttttltttffl

283 797 452 865 Germanici,
463 799 545 854 euius
558 798 605 853 illa
618 783 723 872 reliqua
733 798 841 855 suboles
851 798 951 855 virilis:
972 807 999 854 et
1007 800 1090 856 matri

282 873 446 946 Agrippinae
460 874 594 929 miseratio
608 874 769 946 augebatur,
782 873 965 930 oh<ssevitism
974 874 1092 930 Messal-

282 948 367 1004 linae:
379 965 450 1020 quae
457 964 563 1018 semper
571 946 678 1014 infesta,
688 955 715 1003 et
722 956 788 1004 tuno
795 950 960 1014 commotior,
968 965 1027 1020 quo
1035 950 1091 1004 mi·

283 1040 337 1078 nus
347 1029 461 1078 strueret
470 1022 583 1076 crimina
593 1029 619 1076 et
628 1031 807 1088 accusatores,
817 1039 887 1078 novo
896 1030 922 1078 et
930 1022 1016 1080 irrmri
1024 1040 1091 1095 pro-

282 1099 357 1153 ximo
366 1113 456 1152 amors
465 1096 640 1151 detinebatur.
680 1098 788 1153 Namin
798 1096 829 1153 G.
839 1096 948 1163 Silium,
959 1099 1090 1154 iuventu-

282 1173 317 1226 tis
331 1171 464 1226 Romanae
477 1170 706 1241 pulcherrimum,
722 1172 759 1227 ita
773 1178 919 1238 exarserat,
937 1180 968 1228 ut
978 1173 1089 1228 luciam

282 1244 415 1310 Silanam,
430 1244 548 1302 nobilem
558 1244 699 1313 feminam,
713 1247 883 1302 matrimonio
890 1248 950 1302 eius
960 1248 1090 1304 estrrrbs-

282 1326 331 1385 ret,
344 1335 483 1392 vacuoque
492 1319 610 1376 adultem
619 1322 758 1392 potiretur.
796 1322 891 1394 Neque
898 1320 983 1376 Silius
991 1319 1090 1396 flagitii

282 1402 328 1449 aut
338 1394 451 1465 periculi
461 1395 568 1450 nescius
578 1404 647 1451 erat:
659 1395 707 1450 sed
715 1402 796 1462 certo,
806 1395 978 1462 sisbnueret,
992 1397 1087 1462 exitio,

282 1475 308 1524 et
318 1468 446 1524 nonnulla
455 1467 563 1525 fallendi
573 1487 635 1540 spe,
647 1469 730 1524 simul
740 1471 846 1544 magnis
855 1473 993 1542 praemiis,
1003 1487 1090 1548 cppe-

281 1542 331 1597 riri
349 1541 439 1606 lutura
457 1550 483 1598 et
500 1545 687 1616 praesentibus
706 1543 775 1611 frui,
793 1545 949 1617 prosolatic
960 1545 1087 1601 habebat.

281 1615 330 1672 Illa
340 1634 393 1674 non
403 1617 510 1684 furtim,
525 1619 573 1674 sed
586 1618 672 1676 multo
684 1621 810 1676 comitatu
824 1619 953 1676 ventitare
961 1621 1086 1686 domum,

282 1693 435 1766 egressibus
444 1693 643 1762 adhaerescere;
655 1693 747 1768 largiri
755 1711 829 1766 opes,
840 1694 967 1751 honores:
982 1703 1089 1767 postre-

284 1785 343 1834 mo,
357 1766 431 1824 velut
439 1767 564 1824 translata
572 1769 628 1824 iam
638 1767 850 1835 fortuna-servi,
861 1769 965 1835 liberti,
975 1777 1088 1842 paratus

281 1842 413 1915 principis
423 1843 495 1915 apud
504 1841 656 1898 adulterum
666 1843 831 1900 visebantur.

339 1920 380 1972 l3.
402 1916 436 1973 At
446 1917 585 1984 Claudius,
597 1919 761 1975 matrimonii
769 1919 814 1975 sui
824 1919 945 1992 ignarus,
955 1924 982 1973 et
990 1920 1087 1976 munia

282 1993 401 2048 censoria
412 2009 557 2065 usurpans,
569 1993 723 2049 theatralem
732 1992 826 2065 populi
835 1992 973 2049 lasciviam
982 1994 1088 2049 severis

281 2065 375 2120 edictis
390 2067 537 2138 increpuit,
551 2067 624 2140 quod
637 2069 667 2122 in
676 2068 706 2123 P.
717 2069 894 2140 Pomponium
903 2065 1086 2134 consularem,

280 2139 315 2212 (is
330 2141 449 2196 cermins
463 2159 557 2196 scenae
570 2141 659 2215 debat)
671 2143 755 2215 inque
762 2141 876 2198 lominus
885 2141 1014 2198 inlustres
1022 2159 1089 2214 pm-

280 2213 330 2270 bre
338 2215 443 2270 iecerat.
463 2215 498 2270 Et
507 2215 565 2288 lege
575 2215 625 2272 lats
634 2217 774 2272 saevioam
782 2217 944 2272 creditorum
956 2217 1086 2282 coercuit,

280 2305 314 2343 ne
327 2294 356 2343 to
369 2298 476 2344 mortem
485 2299 625 2357 parsorom
635 2296 762 2360 paeonico
775 2295 838 2362 filiis
851 2295 1015 2362 [omitterem
1030 2298 1088 2362 [oe-

281 2369 342 2420 oore'
350 2369 452 2420 dorent.
492 2366 642 2439 Fontesqus
652 2385 799 2440 equarum,
813 2367 849 2423 ob
856 2366 1022 2425 Simbruinis
1030 2368 1089 2425 col·

281 2437 355 2495 libus
364 2439 504 2504 deductos,
519 2439 582 2496 urbi
591 2441 693 2497 intulit.
730 2442 863 2499 sonoras
872 2441 1022 2498 litterarum
1031 2441 1089 2499 lor-

280 2531 340 2572 mas
350 2513 451 2570 eddidit
461 2513 648 2588 vulgavitque3
668 2525 815 2589 comperto,
832 2517 962 2575 omem
973 2533 1088 2591 quoque

281 2588 455 2646 litteraturam
465 2605 518 2644 non
529 2589 611 2644 simul
622 2598 742 2662 coeptam
755 2590 969 2664 absolutamque.

336 2667 380 2722 ll.
400 2665 484 2720 Primi
498 2681 546 2735 per
558 2663 660 2738 ligures
674 2665 833 2722 animalium
845 2664 973 2739 Aegyptii
984 2683 1087 2724 sensus

192 2769 193 2772 η
281 2741 379 2796 mentis
392 2739 567 2814 effingebant3
589 2739 629 2813 (ea
647 2741 837 2813 antiquissima
848 2741 1015 2797 monimenta
1026 2759 1087 2798 me-

280 2816 380 2870 morias
394 2814 528 2870 humanae
541 2815 665 2887 inpressa
676 2815 751 2870 saxis
763 2814 920 2889 cernuntur)
937 2822 965 2871 et
984 2814 1087 2874 litters-

164 2921 169 2930 ·
280 2905 343 2943 rum
353 2898 437 2944 semet
444 2891 595 2946 inventores
604 2890 759 2964 perhibent3
775 2890 837 2947 inde
846 2890 1006 2956 Phoenicas,
1017 2892 1087 2963 quis

281 2963 350 3020 mari
373 2963 584 3038 praepollebant.
609 2965 734 3023 intulisse
751 2966 889 3033 Graeciae,
914 2965 1087 3041 gloriasque
