2575 3734
286 505 337 560 att
566 511 808 559 annauruu
950 503 1088 578 (numae.

286 609 365 666 irater
377 611 536 684 praetorius,
548 628 612 668 eum
626 611 762 668 damuatio
772 612 891 679 instaret,
903 629 933 668 se
943 613 997 685 ipsi
1005 606 1102 689 intem,

286 685 380 741 lesere.
401 686 497 742 Datum
508 687 689 753 aratorimini,
701 687 775 760 quod
783 687 973 760 Theophanem
982 687 1090 762 Mityle-

286 777 394 825 naeum,
404 777 536 834 proavum
545 778 649 827 eorum,
661 760 711 818 Cn.
718 763 832 836 Magnus
841 763 911 818 iuter
919 763 1031 818 intimos
1040 763 1090 818 ha-

285 835 402 892 buisset:
423 836 551 908 quodque
563 835 689 894 defuncto
699 836 855 909 Theophani
868 837 994 893 caelestes
1004 837 1091 894 hono·

285 927 329 966 res
339 910 439 966 Graeoa
448 909 565 966 adulatio
573 911 710 968 tribuerat.

342 987 383 1040 te.
404 985 466 1041 Post
485 1002 554 1057 quos
567 983 630 1042 Sex.
642 986 754 1053 Marius,
775 986 965 1059 llispaniarum
985 985 1090 1043 ditisai·

286 1077 359 1127 mus,
369 1059 487 1116 defertur
500 1061 646 1116 inaestuase
655 1061 750 1127 liliam,
764 1069 790 1117 et
799 1079 864 1118 saxo
873 1063 984 1133 Tarpeio
994 1061 1091 1118 deiici-

286 1145 340 1190 tur.
379 1132 427 1200 Ao,
441 1149 477 1189 ne
489 1134 604 1190 dubium
619 1136 770 1204 haberetur,
782 1137 994 1210 magnitudinem
1006 1153 1091 1208 pesu-

285 1210 347 1264 uiae
355 1207 427 1265 malo
439 1211 561 1276 vertisse,
573 1213 694 1267 aurariae
708 1212 777 1278 eius,
787 1227 954 1284 qumquam
966 1211 1091 1283 publiea-

285 1291 387 1350 reutur,
400 1284 510 1341 sibimet
522 1285 647 1340 Tiberius
660 1287 788 1358 seposuit.
829 1286 1008 1358 Inritatusque
1022 1303 1090 1358 sup-

286 1357 682 1439 pliciis,eunctos,quieareare
690 1361 1091 1418 adtinebanturaoousatisooie-

285 1433 534 1500 tatiacumSeiano,
549 1437 639 1490 necari
652 1436 735 1491 iubet.
776 1437 860 1491 lacuit
877 1436 1000 1491 inmensa
1020 1444 1090 1491 stra-

285 1525 348 1638 ἔξω
367 1510 458 1598 amuis
471 1526 563 1575 sexus,
577 1511 668 1598 omnis
683 1519 768 1569 aetas:
791 1510 928 1600 inlustres,
943 1511 1088 1600 ignobiles,

285 1592 625 1733 ,tttssrtlffitlr
640 1587 1090 1734 ,l‘tttt‘tlltttlitltt

285 1733 378 1802 batur‘,
389 1732 438 1789 sed
446 1735 610 1790 mroumieoti
619 1735 753 1802 custodes,
765 1743 791 1791 et
800 1736 827 1790 in
839 1751 986 1792 maerorem
996 1735 1090 1790 ouius

285 1825 341 1880 que
353 1808 458 1874 intenti,
474 1824 582 1881 corpora
595 1809 741 1882 putrefacta
755 1809 966 1877 mentiebantur,
982 1809 1049 1866 dum
1059 1811 1089 1865 in

285 1883 404 1940 Tiberim
416 1883 598 1941 traherentur:
618 1885 668 1940 ubi
677 1884 817 1952 fluitantia,
828 1892 875 1941 aut
887 1885 953 1957 ripis
963 1884 1087 1957 adpulsa,
1168 1929 1169 1962 3

285 1977 340 2016 non
354 1976 473 2014 aremare
485 1961 642 2033 quisquam,
654 1977 709 2018 non
718 1961 879 2036 contingere.
919 1959 1091 2016 lutoroiderat
1168 1977 1169 2004 1

285 2034 364 2090 sortis
377 2034 512 2090 humanae
524 2036 715 2092 nommeroium
730 2036 758 2091 vi
773 2045 874 2092 metus:
900 2042 1090 2107 quantumque

285 2109 394 2164 saevitia
423 2107 536 2175 liaberet,
547 2111 683 2166 miseratio
692 2110 839 2166 arcebatur.

330 2186 382 2239 ⁴20.
403 2126 541 2239 §ebidem
551 2192 658 2257 tempus
668 2185 697 2241 C.
709 2183 1094 2257 Cremndnoedenticapreas

284 2275 336 2314 avo
349 2275 449 2325 onmes,
463 2258 614 2326 Claudiam,
629 2261 666 2316 ld.
678 2259 763 2316 Silani
772 2261 866 2326 liliam,
877 2260 1002 2334 eoniugio
1013 2276 1090 2315 aone-

284 2334 901 2474 mlmiittlltliltllil
909 2342 1089 2481 TW

284 2482 395 2555 qualem
412 2484 484 2539 diem
506 2483 630 2540 Tiberius
649 2484 791 2551 induisset,
811 2484 871 2557 pari
888 2483 992 2550 habitu,
1014 2483 1090 2540 haud

284 2557 404 2615 multum
417 2559 579 2614 distantibus
591 2561 692 2616 verbis.
730 2560 807 2618 Unde
819 2575 883 2616 mox
892 2559 990 2615 scitum
999 2559 1093 2614 Passi-

285 2634 340 2698 eni,
356 2635 480 2699 oratoris,
497 2631 599 2689 dietum
612 2636 778 2706 percrebuit:
798 2653 880 2707 nsque
894 2637 1025 2690 tutiorem
1038 2651 1093 2690 un-

225 2718 228 2725 '
286 2723 365 2777 parom
377 2725 488 2771 ameum,
502 2724 583 2777 neque
596 2713 748 2765 detartm
760 2715 891 2768 dominum
902 2714 990 2783 mbae.
1029 2710 1091 2768 Non

285 2781 423 2836 omiserim
438 2783 609 2855 praesagium
622 2783 723 2839 Tiberii
737 2784 771 2840 de
779 2784 837 2840 Ser.
849 2786 944 2853 Galba,
956 2793 1015 2842 tum
1025 2803 1093 2843 aon·

286 2853 360 2910 sule:
381 2872 463 2927 quem
476 2858 602 2925 nocitum,
616 2858 767 2915 etdiverais
777 2861 1092 2934 semronibuspertenta-

284 2935 500 3002 tempests-emo
508 2931 618 2989 Graecia
627 2932 718 2990 verbis
726 2935 756 2990 in
767 2934 837 2989 hano
845 2937 1004 2990 sententiam
1014 2936 1092 2992 adlo-

285 3011 375 3071 nsua,
387 3004 423 3060 Et
434 3014 472 3072 tu,
492 3006 586 3074 Goba,
605 3013 760 3081 quandaqtu
777 3013 924 3080 mutabit
941 3014 1090 3080 taipertum,
