2575 3734
196 486 335 562 aare)
426 495 504 541 nra.
523 494 585 543 xv.
605 494 693 543 car.
714 497 737 542 o.
758 495 782 543 τ.
949 494 1000 548 363

194 602 304 666 piqisse,
319 594 575 669 interpretabantur3
600 603 637 660 ot,
653 600 745 651 omisso
758 592 888 667 utrimque
902 601 967 653 bollo
976 610 1002 655 ot

197 676 309 725 obeunte
325 672 451 739 Voloqeoo,
469 670 593 739 Tiqrooes
605 687 706 740 quoque
714 671 1000 731 Armenioobseederot.

201 745 257 802 Cor
276 749 345 801 onim
363 748 505 799 oneroitum
524 745 667 799 Rauranum
682 763 702 813 o
717 746 909 813 Tiproaooertis
920 752 1002 802 dedu-

199 818 290 875 ctum?
310 838 359 875 cur
372 823 473 874 deserta
485 837 533 888 per
547 826 640 884 otium,
656 837 723 889 quoe
737 820 1001 891 bellodeseuderont?

198 896 241 951 do
255 898 348 949 melios
362 898 534 949 hibernavisse
548 899 576 948 ia
590 902 708 949 extremo
720 893 893 963 Cappadocia,
903 901 1002 964 raptim

200 974 295 1024 erectis
305 973 424 1038 topiariis,
435 986 514 1039 quom
523 972 552 1024 in
559 973 617 1023 sedo
626 974 701 1038 requi
709 974 784 1023 modo
791 968 904 1025 retenti?
923 972 1002 1025 Dila-

202 1054 231 1099 to
238 1060 351 1113 prorsus.
356 1060 441 1107 orato,
451 1052 481 1098 ut
494 1044 623 1113 Voloyeses
636 1060 694 1097 cum
702 1047 765 1107 olio,
779 1062 858 1114 quom
866 1062 925 1099 oum
935 1044 1001 1101 Gor-

200 1121 301 1183 bulooo,
317 1126 443 1187 certaret,·
465 1116 575 1173 Gnosio
587 1123 695 1173 meritos
710 1126 745 1173 tot
753 1136 892 1187 panormo
900 1122 1002 1188 pieriae

199 1195 601 1263 uonultroperioulomsoceret.
633 1193 712 1258 Nam,
723 1199 753 1247 ut
762 1192 1000 1265 retuli,proprium

200 1267 299 1323 ducem
321 1266 433 1321 tuendae
458 1265 598 1327 Armeniae
620 1275 788 1339 poposcerat,
815 1276 841 1322 et
859 1268 1001 1325 adventare

201 1342 366 1398 Caesennius
379 1342 474 1397 Paetus
488 1341 660 1397 audiebatur:
680 1343 789 1413 iamque
804 1342 902 1409 aderat,
914 1344 1000 1415 copiis

201 1419 239 1473 ita
259 1416 364 1483 divisis,
385 1424 415 1471 ut
434 1424 526 1489 quarta
546 1424 572 1470 et
589 1414 746 1477 duodecima
765 1415 896 1489 legiones,
911 1419 1000 1473 addita

201 1494 306 1564 quinta,
317 1508 386 1564 quae
396 1507 487 1547 recens
497 1508 512 1545 e
521 1491 617 1546 Moesis
628 1491 712 1546 excita
722 1499 786 1555 erat,
801 1491 883 1547 simul
894 1493 1000 1548 Pontion

201 1577 228 1622 et
238 1566 390 1623 Galatarum
401 1564 641 1645 Cappadocumque
653 1564 752 1620 auxilia
762 1566 839 1621 Paeto
847 1566 998 1624 obedirent:

201 1642 278 1697 tertia
292 1649 317 1697 et
330 1648 404 1697 sexta
418 1648 443 1695 et
456 1640 558 1697 decima
573 1639 700 1713 legiones,
710 1640 837 1713 priorque
845 1640 938 1715 Syriae
947 1641 1000 1696 mi-

202 1714 251 1782 les,
264 1716 335 1789 apud
345 1715 520 1772 Corbulonem
531 1722 682 1771 manerent:
709 1723 794 1771 cetera
804 1731 838 1769 ex
846 1732 937 1770 rerum
946 1732 1001 1771 usu

200 1792 542 1863 sociarentpartireuturve.
563 1788 614 1845 Sed
624 1805 712 1861 neque
720 1788 835 1845 Corbulo
844 1788 1001 1862 aemulipa-

200 1868 287 1934 tiens,
308 1874 334 1920 et
343 1866 447 1931 Paetus,
458 1866 503 1920 oui
513 1865 577 1921 satis
588 1864 620 1919 ad
631 1863 745 1939 gloriam
754 1873 818 1931 erat,
824 1866 849 1919 si
858 1864 999 1936 proximus

200 1940 354 2006 haberetur,
370 1940 529 2012 despiciebat
543 1947 626 2014 gesta,
641 1942 707 1996 nibil
717 1943 811 2004 medis,
822 1944 998 2007 ootproedoe,

202 2024 345 2083 usurpatos
354 2019 454 2069 nomine
464 2024 536 2071 tenus
545 2018 649 2070 urbium
654 2020 857 2084 expugnationes
862 2013 998 2071 dictitans:

201 2108 229 2144 se
244 2093 342 2145 tributo
354 2107 387 2145 oc
401 2092 479 2159 lepos,
497 2098 530 2154 et,
543 2107 594 2159 pro
608 2092 701 2149 umbro
713 2095 792 2160 renis,
807 2090 1000 2145 Romooomiuo

123 2204 124 2207 =
200 2169 278 2220 victis
289 2169 469 2233 iupositurum.

256 2240 282 2295 Ἷ.
303 2236 1000 2313 SubidemtempuslegatiVologesis,quosadprin-
1064 2222 1087 2243 ⁰

202 2315 289 2385 cipem
305 2314 402 2385 missos
416 2314 576 2379 memoravi,
593 2322 723 2369 revertere
735 2314 822 2371 inriti:
843 2312 1000 2385 bellumque

200 2388 338 2461 propalam
349 2388 636 2460 sumptumaParthis.
668 2389 724 2443 Neo
731 2388 997 2452 Paetusdetreotavit,

200 2463 249 2519 sod
263 2462 368 2519 duabus
381 2462 541 2537 legionibus,
553 2480 669 2536 quarum
682 2474 804 2537 quartam
814 2462 999 2519 Funisulanus
1074 2466 1081 2475 “

199 2538 374 2596 Vettonianus
384 2556 414 2593 co
423 2539 452 2593 iu
462 2547 587 2610 tempore,
594 2536 778 2593 duodecimam
788 2538 912 2595 Calavius
922 2536 999 2601 Sabi-

200 2631 263 2678 nus,
275 2613 410 2687 regebant,
421 2612 574 2669 Armeniam
585 2614 674 2679 intrat,
685 2615 755 2669 tristi
764 2614 863 2669 omine.
889 2613 959 2667 Nam
969 2611 998 2666 in

199 2697 369 2761 transgressu
378 2686 532 2760 Euphratis,
544 2698 625 2759 quem
634 2696 714 2759 ponte
724 2686 925 2751 transmittebat,
936 2686 999 2742 uul—
1083 2730 1087 2741 ,

200 2762 226 2817 la
239 2762 328 2834 palam
344 2779 449 2829 caussa,
463 2762 584 2817 turbatus
599 2778 696 2834 equus,
712 2759 919 2834 quioousulariu
931 2760 999 2817 iosi-

201 2839 264 2909 gnia
282 2837 493 2913 gestabatretro
512 2837 604 2893 evasit.
643 2836 796 2909 Hostiaque,
811 2852 882 2907 quae
893 2836 1001 2891 munie-

202 2912 307 2977 bantur,
327 2911 509 2968 hibernaculis
529 2910 670 2977 adsistens,
692 2909 826 2966 semifacta
838 2900 918 2983 opera
935 2909 998 2983 luga
1099 2914 1107 2933 '

201 2986 321 3061 perrupit
334 3004 418 3061 seque
431 2987 501 3043 vallo
515 2984 617 3043 extulit.
657 2987 691 3042 Et
703 2985 759 3061 pila
773 2984 890 3041 militum
899 3000 997 3048 arsere,
1082 2987 1090 3005 ·
