2575 3734
199 470 314 544 ιωι.)
411 477 496 522 nrn.
515 476 535 522 1.
554 475 649 522 css.
670 473 790 524 se-se.
967 471 999 528 tt

200 578 345 651 luguen
352 585 450 643 met,
460 577 579 649 eiusque
586 577 768 633 curatissimis
776 577 904 650 prsoibus
913 587 1000 650 prote·

200 659 395 784 genuinum
402 734 520 800 namins
531 733 559 782 et
571 726 603 782 in
614 723 766 801 Augustum
779 725 908 784 adulatio
946 726 1000 784 dlii

205 803 336 867 Puram
347 801 637 870 sliidlotrsmootrtoo
645 800 846 874 appellandam
866 801 999 875 plerique,

203 884 230 931 ut
243 878 342 933 nomini
362 875 489 934 Caesaris
507 875 702 933 adscriberetur
714 878 800 932 Iulios
818 881 890 949 filius
907 893 1002 933 oense-

198 951 345 1017 lant-nlo,
366 956 544 1008 mm
561 956 719 1022 {mrum
737 955 847 1009 hosam
863 951 999 1019 dictitans,

195 1031 367 1098 tomum
376 1032 670 1096 mmmmm
679 1032 709 1082 to
718 1031 893 1097 tuqooostet
902 1032 1001 1084 tribuo-

191 1111 293 1168 raotur,
309 1109 435 1158 mum
445 1102 545 1158 anxius
553 1101 670 1168 invidia,
685 1109 712 1158 at
720 1101 853 1158 muliebre
861 1102 1000 1180 fastigium

189 1177 219 1232 in
227 1176 447 1233 dsrninutionem
456 1177 502 1232 sui
510 1177 659 1249 minim,
676 1191 711 1232 ns
725 1176 843 1234 liotorsm
852 1179 964 1252 quidem
975 1179 999 1234 ei

189 1251 295 1308 dsouni
308 1268 414 1325 possus
426 1259 482 1322 est;
501 1268 631 1325 aramque
644 1251 793 1325 adoptionis
806 1259 833 1308 ot
842 1253 893 1310 alio
902 1255 1001 1310 huius-

189 1327 455 1416 oemodiprohibuit.
474 1326 688 1418 'soumarias
697 1327 803 1384 cisni
813 1328 1001 1399 prooonsulare

188 1401 1001 1552 ttfflmxdritttttttittltttltllt

189 1553 248 1620 Quo
260 1553 363 1608 minus
375 1551 449 1607 idem
462 1569 512 1623 ruo
524 1551 612 1608 liruso
629 1552 822 1625 postularetur,
844 1569 874 1609 oa
894 1570 1000 1619 caussa,

188 1628 262 1701 quod
269 1627 436 1702 designatus
445 1626 910 1701 oonsulllrnsuspraesensquserat.
932 1628 1004 1684 Con·

189 1704 296 1759 didatos
309 1710 455 1775 praeturas
467 1701 608 1759 duodecim
621 1703 787 1770 nominavit,
808 1719 954 1757 numerum
969 1702 1003 1756 ab

189 1779 318 1853 Augusto
326 1776 473 1833 traditum:
487 1786 528 1845 et,
539 1777 661 1834 hortante
669 1785 779 1842 senatu,
790 1782 821 1832 ut
831 1784 949 1852 augeret,
960 1777 1004 1831 iu-

189 1852 340 1910 reiurando
347 1851 496 1908 obstrinxit
504 1869 543 1920 se,
556 1870 610 1909 non
619 1865 807 1908 excessurum.

245 1931 291 1985 te.
313 1928 388 1984 'lum
396 1928 650 1999 primumsGsmpo
659 1926 905 2000 oomitieadputres
916 1933 1004 1982 trans-

189 2004 243 2060 lata
255 2012 336 2060 sunt.
377 2003 448 2058 Nom
461 2003 496 2060 ad
508 2019 568 2060 eam
581 2003 669 2068 dem,
686 2001 736 2057 etsi
744 2002 884 2074 potissime
895 2003 1003 2058 arbitrio

190 2079 343 2152 principis,
369 2077 503 2150 quasdam
524 2085 616 2134 tamen
635 2076 734 2133 studiis
752 2078 873 2133 tribuum
893 2077 1001 2133 fiebant.

190 2157 289 2228 Neque
302 2153 424 2227 populus
437 2153 591 2226 ademptum
606 2154 651 2209 ius
665 2160 778 2225 questus
792 2161 845 2219 est,
861 2153 915 2208 nisi
928 2153 1004 2208 inani

191 2245 318 2286 nonore:
336 2235 498 2295 usmarus,
514 2228 702 2304 largitionibus
712 2245 743 2284 eo
752 2228 877 2300 preoibua
888 2227 1004 2284 sordidis

192 2305 352 2370 exsolutus,
368 2303 456 2359 libens
466 2305 564 2392 tonuit,
576 2303 729 2360 moderante
738 2303 857 2369 Tiberio,
869 2321 903 2358 no
912 2303 1004 2376 piures

191 2375 1006 2528 ffit'ttgtlttttlttttltlttpltt

193 2547 272 2597 vere,
289 2529 442 2602 utproprio
449 2536 561 2601 mmptu
570 2529 678 2585 ederent
688 2529 779 2595 ludos,
795 2528 844 2601 qui
854 2526 887 2582 de
897 2527 1006 2584 nomino

192 2606 329 2680 Augusti,
355 2603 432 2659 lastis
452 2603 548 2671 additi,
568 2603 730 2680 Augustales
749 2609 915 2662 vocarentur.
954 2599 1006 2656 Sed

194 2681 301 2737 decreta
314 2679 432 2752 pectinis
445 2696 480 2734 ex
492 2680 605 2746 suono,
625 2687 711 2753 utque
723 2695 772 2750 per
786 2676 895 2734 Circum
909 2678 1007 2734 trium-

195 2756 270 2828 phali
291 2761 370 2811 veste
387 2761 538 2811 uterentur:
559 2771 641 2811 curru
661 2753 724 2812 vohi
744 2751 817 2808 haud
829 2751 1004 2824 permissum.

196 2832 259 2888 llox
269 2829 416 2888 eelebratio
425 2847 514 2885 annua
523 2829 558 2886 sd
565 2838 714 2903 praetorem
728 2825 868 2893 translate,
883 2827 928 2882 oui
938 2827 1007 2881 inter

198 2908 271 2964 cives
280 2915 308 2963 et
317 2904 474 2980 peregrinos
482 2905 633 2962 iurisdictio
642 2903 785 2960 evenisset.

253 2985 298 3039 to.
319 2983 372 3038 llio
379 2997 472 3036 rerum
481 2980 647 3038 urbanarum
658 2985 743 3034 stitus
754 2981 821 3038 erut,
833 2988 896 3026 oum
905 2971 1011 3022 Penno-
