<?xml version="1.0" encoding="UTF-8"?>
<!DOCTYPE html PUBLIC "-//W3C//DTD XHTML 1.0 Transitional//EN"
    "http://www.w3.org/TR/xhtml1/DTD/xhtml1-transitional.dtd">
<html xmlns="http://www.w3.org/1999/xhtml" xml:lang="en" lang="en">
 <head>
  <title>
</title>
<meta http-equiv="Content-Type" content="text/html;charset=utf-8" />
  <meta name='ocr-system' content='tesseract 3.04.00' />
  <meta name='ocr-capabilities' content='ocr_page ocr_carea ocr_par ocr_line ocrx_word'/>
</head>
<body>
  <div class='ocr_page' id='page_1' title='image "./operaquoadextan02tacigoog_0419.png"; bbox 0 0 2575 3734; ppageno 0'>
   <div class='ocr_carea' id='block_1_1' title="bbox 196 471 993 545">
    <p class='ocr_par' dir='ltr' id='par_1_1' title="bbox 196 471 993 545">
     <span class='ocr_line' id='line_1_1' title="bbox 196 471 993 545; baseline 0.001 -16"><span class='ocrx_word' id='word_1_1' title='bbox 196 471 319 545; x_wconf 67' lang='lat' dir='ltr'>near.)</span> <span class='ocrx_word' id='word_1_2' title='bbox 393 480 463 525; x_wconf 77' lang='lat' dir='ltr'>me.</span> <span class='ocrx_word' id='word_1_3' title='bbox 483 479 558 525; x_wconf 78' lang='lat' dir='ltr'>xvu.</span> <span class='ocrx_word' id='word_1_4' title='bbox 580 480 660 527; x_wconf 73' lang='lat' dir='ltr'>cae.</span> <span class='ocrx_word' id='word_1_5' title='bbox 680 481 802 527; x_wconf 76' lang='lat' dir='ltr'>ar-as.</span> <span class='ocrx_word' id='word_1_6' title='bbox 948 477 993 531; x_wconf 77' lang='lat' dir='ltr'>tta</span> 
     </span>
    </p>
   </div>
   <div class='ocr_carea' id='block_1_2' title="bbox 195 578 1052 2975">
    <p class='ocr_par' dir='ltr' id='par_1_2' title="bbox 195 578 1050 1310">
     <span class='ocr_line' id='line_1_2' title="bbox 196 578 998 655; baseline 0 -18"><span class='ocrx_word' id='word_1_7' title='bbox 196 583 341 655; x_wconf 67' lang='lat' dir='ltr'>peccuniam</span> <span class='ocrx_word' id='word_1_8' title='bbox 354 581 384 637; x_wconf 88' lang='lat' dir='ltr'>in</span> <span class='ocrx_word' id='word_1_9' title='bbox 393 578 569 653; x_wconf 78' lang='lat' dir='ltr'>Tigellinum,</span> <span class='ocrx_word' id='word_1_10' title='bbox 582 596 767 655; x_wconf 79' lang='lat' dir='ltr'>generumque</span> <span class='ocrx_word' id='word_1_11' title='bbox 779 582 849 646; x_wconf 86' lang='lat' dir='ltr'>eius,</span> <span class='ocrx_word' id='word_1_12' title='bbox 863 580 998 639; x_wconf 83' lang='lat' dir='ltr'>Cossutia·</span> 
     </span>
     <span class='ocr_line' id='line_1_3' title="bbox 197 655 1050 729; baseline 0 -16"><span class='ocrx_word' id='word_1_13' title='bbox 197 674 267 713; x_wconf 88' lang='lat' dir='ltr'>num</span> <span class='ocrx_word' id='word_1_14' title='bbox 276 656 441 729; x_wconf 75' lang='lat' dir='ltr'><strong>Capitonem,</strong></span> <span class='ocrx_word' id='word_1_15' title='bbox 453 655 585 729; x_wconf 81' lang='lat' dir='ltr'>erogabat,</span> <span class='ocrx_word' id='word_1_16' title='bbox 596 673 651 727; x_wconf 90' lang='lat' dir='ltr'>quc</span> <span class='ocrx_word' id='word_1_17' title='bbox 661 664 746 711; x_wconf 88' lang='lat' dir='ltr'>cetera</span> <span class='ocrx_word' id='word_1_18' title='bbox 757 664 904 712; x_wconf 86' lang='lat' dir='ltr'>manerent.</span> <span class='ocrx_word' id='word_1_19' title='bbox 941 657 1000 713; x_wconf 78' lang='lat' dir='ltr'>td·</span> <span class='ocrx_word' id='word_1_20' title='bbox 1045 685 1050 693; x_wconf 92' lang='lat'><strong>·</strong></span> 
     </span>
     <span class='ocr_line' id='line_1_4' title="bbox 197 729 996 803; baseline 0 -16"><span class='ocrx_word' id='word_1_21' title='bbox 197 732 271 787; x_wconf 89' lang='lat' dir='ltr'>ditur</span> <span class='ocrx_word' id='word_1_22' title='bbox 286 729 424 795; x_wconf 79' lang='lat' dir='ltr'><strong>codicillis,</strong></span> <span class='ocrx_word' id='word_1_23' title='bbox 441 736 578 802; x_wconf 75' lang='lat' dir='ltr'>tamquam</span> <span class='ocrx_word' id='word_1_24' title='bbox 590 730 624 787; x_wconf 93' lang='lat' dir='ltr'>de</span> <span class='ocrx_word' id='word_1_25' title='bbox 634 731 777 802; x_wconf 83' lang='lat' dir='ltr'>iniquitate</span> <span class='ocrx_word' id='word_1_26' title='bbox 785 732 861 787; x_wconf 80' lang='lat' dir='ltr'>exitii</span> <span class='ocrx_word' id='word_1_27' title='bbox 871 729 996 803; x_wconf 86' lang='lat' dir='ltr'>querens,</span> 
     </span>
     <span class='ocr_line' id='line_1_5' title="bbox 197 804 999 879; baseline -0.001 -16"><span class='ocrx_word' id='word_1_28' title='bbox 197 808 235 863; x_wconf 84' lang='lat' dir='ltr'>ita</span> <span class='ocrx_word' id='word_1_29' title='bbox 244 804 400 879; x_wconf 76' lang='lat' dir='ltr'>scripsisse:</span> <span class='ocrx_word' id='word_1_30' title='bbox 419 821 447 859; x_wconf 82' lang='lat' dir='ltr'>ss</span> <span class='ocrx_word' id='word_1_31' title='bbox 461 809 563 875; x_wconf 79' lang='lat' dir='ltr'>quidem</span> <span class='ocrx_word' id='word_1_32' title='bbox 576 810 644 859; x_wconf 62' lang='lat' dir='ltr'>mart</span> <span class='ocrx_word' id='word_1_33' title='bbox 657 808 738 862; x_wconf 78' lang='lat' dir='ltr'>nattis</span> <span class='ocrx_word' id='word_1_34' title='bbox 749 808 873 875; x_wconf 69' lang='lat' dir='ltr'>supplebit</span> <span class='ocrx_word' id='word_1_35' title='bbox 883 811 999 877; x_wconf 54' lang='lat' dir='ltr'>marsim</span> 
     </span>
     <span class='ocr_line' id='line_1_6' title="bbox 197 878 997 951; baseline 0 -14"><span class='ocrx_word' id='word_1_36' title='bbox 197 883 302 951; x_wconf 68' lang='lat' dir='ltr'>Rullum</span> <span class='ocrx_word' id='word_1_37' title='bbox 315 889 401 936; x_wconf 79' lang='lat' dir='ltr'>cutem</span> <span class='ocrx_word' id='word_1_38' title='bbox 408 878 560 948; x_wconf 72' lang='lat' dir='ltr'>Crispinum</span> <span class='ocrx_word' id='word_1_39' title='bbox 569 888 593 935; x_wconf 84' lang='lat' dir='ltr'>st</span> <span class='ocrx_word' id='word_1_40' title='bbox 601 881 723 935; x_wconf 78' lang='lat' dir='ltr'>Anicium</span> <span class='ocrx_word' id='word_1_41' title='bbox 735 880 925 937; x_wconf 81' lang='lat' dir='ltr'>Cerialemeitc</span> <span class='ocrx_word' id='word_1_42' title='bbox 932 886 997 951; x_wconf 73' lang='lat' dir='ltr'>frat,</span> 
     </span>
     <span class='ocr_line' id='line_1_7' title="bbox 197 952 1004 1027; baseline 0 -16"><span class='ocrx_word' id='word_1_43' title='bbox 197 961 312 1025; x_wconf 70' lang='lat' dir='ltr'>insamae</span> <span class='ocrx_word' id='word_1_44' title='bbox 318 957 442 1024; x_wconf 51' lang='lat' dir='ltr'>peremi.</span> <span class='ocrx_word' id='word_1_45' title='bbox 465 952 693 1027; x_wconf 84' lang='lat' dir='ltr'>Quaeccmposita</span> <span class='ocrx_word' id='word_1_46' title='bbox 702 954 885 1021; x_wconf 74' lang='lat' dir='ltr'>credebantur,</span> <span class='ocrx_word' id='word_1_47' title='bbox 896 954 1004 1011; x_wconf 77' lang='lat' dir='ltr'>deliri·</span> 
     </span>
     <span class='ocr_line' id='line_1_8' title="bbox 198 1026 999 1103; baseline -0.001 -17"><span class='ocrx_word' id='word_1_48' title='bbox 198 1032 288 1103; x_wconf 90' lang='lat' dir='ltr'>spine,</span> <span class='ocrx_word' id='word_1_49' title='bbox 304 1030 368 1102; x_wconf 89' lang='lat' dir='ltr'>quia</span> <span class='ocrx_word' id='word_1_50' title='bbox 382 1026 535 1085; x_wconf 85' lang='lat' dir='ltr'>interiectus</span> <span class='ocrx_word' id='word_1_51' title='bbox 550 1038 614 1095; x_wconf 82' lang='lat' dir='ltr'>etat,</span> <span class='ocrx_word' id='word_1_52' title='bbox 629 1028 665 1083; x_wconf 90' lang='lat' dir='ltr'>dc</span> <span class='ocrx_word' id='word_1_53' title='bbox 676 1028 787 1096; x_wconf 88' lang='lat' dir='ltr'>Ceriale,</span> <span class='ocrx_word' id='word_1_54' title='bbox 798 1038 829 1085; x_wconf 88' lang='lat' dir='ltr'>ut</span> <span class='ocrx_word' id='word_1_55' title='bbox 837 1030 999 1085; x_wconf 87' lang='lat' dir='ltr'>interlicere·</span> 
     </span>
     <span class='ocr_line' id='line_1_9' title="bbox 197 1103 998 1177; baseline 0 -16"><span class='ocrx_word' id='word_1_56' title='bbox 197 1112 257 1167; x_wconf 81' lang='lat' dir='ltr'>tur:</span> <span class='ocrx_word' id='word_1_57' title='bbox 277 1119 366 1177; x_wconf 88' lang='lat' dir='ltr'>neque</span> <span class='ocrx_word' id='word_1_58' title='bbox 379 1104 452 1159; x_wconf 85' lang='lat' dir='ltr'>enim</span> <span class='ocrx_word' id='word_1_59' title='bbox 465 1103 550 1159; x_wconf 79' lang='lat' dir='ltr'>mubo</span> <span class='ocrx_word' id='word_1_60' title='bbox 563 1112 624 1175; x_wconf 86' lang='lat' dir='ltr'>post</span> <span class='ocrx_word' id='word_1_61' title='bbox 637 1105 694 1160; x_wconf 84' lang='lat' dir='ltr'>vim</span> <span class='ocrx_word' id='word_1_62' title='bbox 706 1104 761 1160; x_wconf 87' lang='lat' dir='ltr'>sibi</span> <span class='ocrx_word' id='word_1_63' title='bbox 774 1104 879 1170; x_wconf 85' lang='lat' dir='ltr'>adtulit,</span> <span class='ocrx_word' id='word_1_64' title='bbox 895 1110 998 1161; x_wconf 84' lang='lat' dir='ltr'>minere</span> 
     </span>
     <span class='ocr_line' id='line_1_10' title="bbox 197 1178 998 1253; baseline 0.002 -19"><span class='ocrx_word' id='word_1_65' title='bbox 197 1198 281 1253; x_wconf 89' lang='lat' dir='ltr'>quam</span> <span class='ocrx_word' id='word_1_66' title='bbox 291 1180 371 1234; x_wconf 89' lang='lat' dir='ltr'>ceteri</span> <span class='ocrx_word' id='word_1_67' title='bbox 381 1180 558 1244; x_wconf 88' lang='lat' dir='ltr'>miseratione,</span> <span class='ocrx_word' id='word_1_68' title='bbox 567 1180 632 1251; x_wconf 91' lang='lat' dir='ltr'>quia</span> <span class='ocrx_word' id='word_1_69' title='bbox 641 1179 775 1252; x_wconf 76' lang='lat' dir='ltr'><strong>proditam</strong></span> <span class='ocrx_word' id='word_1_70' title='bbox 783 1178 926 1236; x_wconf 86' lang='lat' dir='ltr'>C.Caesari</span> <span class='ocrx_word' id='word_1_71' title='bbox 935 1197 998 1236; x_wconf 89' lang='lat' dir='ltr'>con·</span> 
     </span>
     <span class='ocr_line' id='line_1_11' title="bbox 195 1254 645 1310; baseline -0.002 0"><span class='ocrx_word' id='word_1_72' title='bbox 195 1255 358 1310; x_wconf 82' lang='lat' dir='ltr'>iurationem</span> <span class='ocrx_word' id='word_1_73' title='bbox 367 1254 400 1307; x_wconf 91' lang='lat' dir='ltr'>ab</span> <span class='ocrx_word' id='word_1_74' title='bbox 409 1271 441 1309; x_wconf 91' lang='lat' dir='ltr'>eo</span> <span class='ocrx_word' id='word_1_75' title='bbox 449 1254 645 1309; x_wconf 85' lang='lat' dir='ltr'>meminerant·</span> 
     </span>
    </p>

    <p class='ocr_par' dir='ltr' id='par_1_3' title="bbox 195 1324 1052 2733">
     <span class='ocr_line' id='line_1_12' title="bbox 255 1324 996 1400; baseline 0.003 -17"><span class='ocrx_word' id='word_1_76' title='bbox 255 1332 299 1383; x_wconf 75' lang='lat' dir='ltr'>le.</span> <span class='ocrx_word' id='word_1_77' title='bbox 317 1330 354 1383; x_wconf 85' lang='lat' dir='ltr'>De</span> <span class='ocrx_word' id='word_1_78' title='bbox 373 1327 404 1384; x_wconf 86' lang='lat' dir='ltr'>C.</span> <span class='ocrx_word' id='word_1_79' title='bbox 421 1324 541 1385; x_wconf 75' lang='lat' dir='ltr'>Petronio</span> <span class='ocrx_word' id='word_1_80' title='bbox 559 1344 643 1400; x_wconf 85' lang='lat' dir='ltr'>pauca</span> <span class='ocrx_word' id='word_1_81' title='bbox 662 1344 743 1399; x_wconf 87' lang='lat' dir='ltr'>supra</span> <span class='ocrx_word' id='word_1_82' title='bbox 763 1328 904 1399; x_wconf 69' lang='lat' dir='ltr'>repetema</span> <span class='ocrx_word' id='word_1_83' title='bbox 922 1338 996 1385; x_wconf 90' lang='lat' dir='ltr'>sunt.</span> 
     </span>
     <span class='ocr_line' id='line_1_13' title="bbox 197 1400 998 1475; baseline 0.001 -16"><span class='ocrx_word' id='word_1_84' title='bbox 197 1405 268 1459; x_wconf 88' lang='lat' dir='ltr'>Nam</span> <span class='ocrx_word' id='word_1_85' title='bbox 277 1403 319 1459; x_wconf 93' lang='lat' dir='ltr'>illi</span> <span class='ocrx_word' id='word_1_86' title='bbox 327 1403 386 1459; x_wconf 87' lang='lat' dir='ltr'>dies</span> <span class='ocrx_word' id='word_1_87' title='bbox 395 1420 443 1475; x_wconf 84' lang='lat' dir='ltr'>per</span> <span class='ocrx_word' id='word_1_88' title='bbox 452 1420 589 1469; x_wconf 85' lang='lat' dir='ltr'>somnum,</span> <span class='ocrx_word' id='word_1_89' title='bbox 598 1420 652 1459; x_wconf 82' lang='lat' dir='ltr'>nox</span> <span class='ocrx_word' id='word_1_90' title='bbox 659 1400 756 1458; x_wconf 83' lang='lat' dir='ltr'>officiis</span> <span class='ocrx_word' id='word_1_91' title='bbox 765 1411 791 1457; x_wconf 90' lang='lat' dir='ltr'>et</span> <span class='ocrx_word' id='word_1_92' title='bbox 800 1403 998 1470; x_wconf 72' lang='lat' dir='ltr'>oblectamentis</span> 
     </span>
     <span class='ocr_line' id='line_1_14' title="bbox 197 1477 999 1552; baseline -0.002 -17"><span class='ocrx_word' id='word_1_93' title='bbox 197 1479 269 1535; x_wconf 89' lang='lat' dir='ltr'>vitae</span> <span class='ocrx_word' id='word_1_94' title='bbox 289 1478 496 1552; x_wconf 74' lang='lat' dir='ltr'>transigebatur:</span> <span class='ocrx_word' id='word_1_95' title='bbox 517 1486 601 1551; x_wconf 90' lang='lat' dir='ltr'>utque</span> <span class='ocrx_word' id='word_1_96' title='bbox 620 1477 686 1532; x_wconf 89' lang='lat' dir='ltr'>alios</span> <span class='ocrx_word' id='word_1_97' title='bbox 706 1477 851 1543; x_wconf 90' lang='lat' dir='ltr'>industria,</span> <span class='ocrx_word' id='word_1_98' title='bbox 870 1480 907 1533; x_wconf 91' lang='lat' dir='ltr'>ita</span> <span class='ocrx_word' id='word_1_99' title='bbox 924 1478 999 1536; x_wconf 85' lang='lat' dir='ltr'>huno</span> 
     </span>
     <span class='ocr_line' id='line_1_15' title="bbox 196 1551 998 1627; baseline 0 -18"><span class='ocrx_word' id='word_1_100' title='bbox 196 1554 306 1627; x_wconf 81' lang='lat' dir='ltr'>ignavia</span> <span class='ocrx_word' id='word_1_101' title='bbox 316 1553 350 1608; x_wconf 88' lang='lat' dir='ltr'>sd</span> <span class='ocrx_word' id='word_1_102' title='bbox 360 1552 457 1611; x_wconf 84' lang='lat' dir='ltr'>lamam</span> <span class='ocrx_word' id='word_1_103' title='bbox 466 1552 625 1624; x_wconf 88' lang='lat' dir='ltr'>protulerat:</span> <span class='ocrx_word' id='word_1_104' title='bbox 640 1551 842 1625; x_wconf 85' lang='lat' dir='ltr'>habebaturque</span> <span class='ocrx_word' id='word_1_105' title='bbox 850 1570 904 1608; x_wconf 91' lang='lat' dir='ltr'>non</span> <span class='ocrx_word' id='word_1_106' title='bbox 912 1568 998 1626; x_wconf 78' lang='lat' dir='ltr'>ganeo</span> 
     </span>
     <span class='ocr_line' id='line_1_16' title="bbox 197 1626 998 1701; baseline 0 -18"><span class='ocrx_word' id='word_1_107' title='bbox 197 1638 226 1683; x_wconf 90' lang='lat' dir='ltr'>et</span> <span class='ocrx_word' id='word_1_108' title='bbox 234 1626 394 1701; x_wconf 80' lang='lat' dir='ltr'>profligator,</span> <span class='ocrx_word' id='word_1_109' title='bbox 404 1634 434 1681; x_wconf 89' lang='lat' dir='ltr'>ut</span> <span class='ocrx_word' id='word_1_110' title='bbox 443 1626 564 1699; x_wconf 83' lang='lat' dir='ltr'>plerique</span> <span class='ocrx_word' id='word_1_111' title='bbox 573 1641 625 1683; x_wconf 87' lang='lat' dir='ltr'>sua</span> <span class='ocrx_word' id='word_1_112' title='bbox 632 1627 824 1691; x_wconf 87' lang='lat' dir='ltr'>haurientium,</span> <span class='ocrx_word' id='word_1_113' title='bbox 838 1627 887 1683; x_wconf 89' lang='lat' dir='ltr'>sed</span> <span class='ocrx_word' id='word_1_114' title='bbox 895 1628 998 1683; x_wconf 91' lang='lat' dir='ltr'>erudita</span> 
     </span>
     <span class='ocr_line' id='line_1_17' title="bbox 197 1700 1000 1776; baseline -0.002 -17"><span class='ocrx_word' id='word_1_115' title='bbox 197 1702 277 1776; x_wconf 72' lang='lat' dir='ltr'>lanu.</span> <span class='ocrx_word' id='word_1_116' title='bbox 306 1704 345 1758; x_wconf 79' lang='lat' dir='ltr'>Aa</span> <span class='ocrx_word' id='word_1_117' title='bbox 353 1702 423 1757; x_wconf 92' lang='lat' dir='ltr'>dicta</span> <span class='ocrx_word' id='word_1_118' title='bbox 433 1700 553 1775; x_wconf 72' lang='lat' dir='ltr'>luemque</span> <span class='ocrx_word' id='word_1_119' title='bbox 562 1703 623 1757; x_wconf 85' lang='lat' dir='ltr'>eius</span> <span class='ocrx_word' id='word_1_120' title='bbox 631 1710 732 1775; x_wconf 90' lang='lat' dir='ltr'>quanto</span> <span class='ocrx_word' id='word_1_121' title='bbox 740 1701 865 1758; x_wconf 85' lang='lat' dir='ltr'>solutiora</span> <span class='ocrx_word' id='word_1_122' title='bbox 876 1708 902 1757; x_wconf 92' lang='lat' dir='ltr'>et</span> <span class='ocrx_word' id='word_1_123' title='bbox 910 1717 1000 1774; x_wconf 89' lang='lat' dir='ltr'>quan·</span> 
     </span>
     <span class='ocr_line' id='line_1_18' title="bbox 197 1774 997 1851; baseline 0 -18"><span class='ocrx_word' id='word_1_124' title='bbox 197 1778 323 1833; x_wconf 87' lang='lat' dir='ltr'>dam·sui</span> <span class='ocrx_word' id='word_1_125' title='bbox 345 1776 534 1851; x_wconf 79' lang='lat' dir='ltr'>negligentiam</span> <span class='ocrx_word' id='word_1_126' title='bbox 553 1774 736 1849; x_wconf 81' lang='lat' dir='ltr'>praeferentia,</span> <span class='ocrx_word' id='word_1_127' title='bbox 757 1784 828 1832; x_wconf 88' lang='lat' dir='ltr'>tanto</span> <span class='ocrx_word' id='word_1_128' title='bbox 838 1777 952 1851; x_wconf 77' lang='lat' dir='ltr'>gratim,</span> <span class='ocrx_word' id='word_1_129' title='bbox 967 1778 997 1833; x_wconf 89' lang='lat' dir='ltr'>in</span> 
     </span>
     <span class='ocr_line' id='line_1_19' title="bbox 197 1850 1001 1924; baseline 0 -16"><span class='ocrx_word' id='word_1_130' title='bbox 197 1853 316 1924; x_wconf 86' lang='lat' dir='ltr'>speciem</span> <span class='ocrx_word' id='word_1_131' title='bbox 324 1850 512 1923; x_wconf 74' lang='lat' dir='ltr'>simplicitatis,</span> <span class='ocrx_word' id='word_1_132' title='bbox 523 1852 729 1924; x_wconf 86' lang='lat' dir='ltr'>accipiebantur.</span> <span class='ocrx_word' id='word_1_133' title='bbox 753 1851 896 1907; x_wconf 85' lang='lat' dir='ltr'>Proconsul</span> <span class='ocrx_word' id='word_1_134' title='bbox 907 1861 1001 1909; x_wconf 90' lang='lat' dir='ltr'>tamen·</span> 
     </span>
     <span class='ocr_line' id='line_1_20' title="bbox 197 1925 999 2001; baseline 0 -18"><span class='ocrx_word' id='word_1_135' title='bbox 197 1927 349 2001; x_wconf 75' lang='lat' dir='ltr'>Bithyniae,</span> <span class='ocrx_word' id='word_1_136' title='bbox 364 1934 390 1981; x_wconf 88' lang='lat' dir='ltr'>et</span> <span class='ocrx_word' id='word_1_137' title='bbox 400 1944 465 1983; x_wconf 84' lang='lat' dir='ltr'>mcx</span> <span class='ocrx_word' id='word_1_138' title='bbox 473 1925 577 1993; x_wconf 89' lang='lat' dir='ltr'>consul,</span> <span class='ocrx_word' id='word_1_139' title='bbox 591 1928 727 2001; x_wconf 83' lang='lat' dir='ltr'>rigentem</span> <span class='ocrx_word' id='word_1_140' title='bbox 736 1932 806 1981; x_wconf 84' lang='lat' dir='ltr'>se&#39;ac</span> <span class='ocrx_word' id='word_1_141' title='bbox 815 1925 907 1997; x_wconf 87' lang='lat' dir='ltr'>parem</span> <span class='ocrx_word' id='word_1_142' title='bbox 916 1944 999 2000; x_wconf 80' lang='lat' dir='ltr'>nego-</span> 
     </span>
     <span class='ocr_line' id='line_1_21' title="bbox 198 2001 998 2075; baseline -0.003 -17"><span class='ocrx_word' id='word_1_143' title='bbox 198 2004 246 2058; x_wconf 89' lang='lat' dir='ltr'>tiis</span> <span class='ocrx_word' id='word_1_144' title='bbox 254 2001 380 2057; x_wconf 84' lang='lat' dir='ltr'>ostendit:</span> <span class='ocrx_word' id='word_1_145' title='bbox 395 2001 457 2057; x_wconf 90' lang='lat' dir='ltr'>dein</span> <span class='ocrx_word' id='word_1_146' title='bbox 466 2001 602 2075; x_wconf 85' lang='lat' dir='ltr'>revolutus</span> <span class='ocrx_word' id='word_1_147' title='bbox 611 2002 645 2057; x_wconf 89' lang='lat' dir='ltr'>ad</span> <span class='ocrx_word' id='word_1_148' title='bbox 653 2002 728 2067; x_wconf 81' lang='lat' dir='ltr'>vitia,</span> <span class='ocrx_word' id='word_1_149' title='bbox 739 2019 789 2057; x_wconf 90' lang='lat' dir='ltr'>seu</span> <span class='ocrx_word' id='word_1_150' title='bbox 798 2001 925 2057; x_wconf 83' lang='lat' dir='ltr'>vitiorum</span> <span class='ocrx_word' id='word_1_151' title='bbox 934 2002 998 2057; x_wconf 89' lang='lat' dir='ltr'>imi-</span> 
     </span>
     <span class='ocr_line' id='line_1_22' title="bbox 198 2076 997 2150; baseline -0.001 -17"><span class='ocrx_word' id='word_1_152' title='bbox 198 2078 306 2142; x_wconf 85' lang='lat' dir='ltr'>tatione,</span> <span class='ocrx_word' id='word_1_153' title='bbox 329 2076 397 2132; x_wconf 88' lang='lat' dir='ltr'>inter</span> <span class='ocrx_word' id='word_1_154' title='bbox 414 2082 513 2149; x_wconf 79' lang='lat' dir='ltr'>pariens</span> <span class='ocrx_word' id='word_1_155' title='bbox 532 2076 706 2133; x_wconf 76' lang='lat' dir='ltr'>familiarium</span> <span class='ocrx_word' id='word_1_156' title='bbox 720 2077 819 2132; x_wconf 89' lang='lat' dir='ltr'>Neroni</span> <span class='ocrx_word' id='word_1_157' title='bbox 838 2076 997 2150; x_wconf 86' lang='lat' dir='ltr'>adsumptus</span> 
     </span>
     <span class='ocr_line' id='line_1_23' title="bbox 198 2149 997 2225; baseline -0.001 -17"><span class='ocrx_word' id='word_1_158' title='bbox 198 2160 250 2217; x_wconf 88' lang='lat' dir='ltr'>est,</span> <span class='ocrx_word' id='word_1_159' title='bbox 268 2149 412 2225; x_wconf 76' lang='lat' dir='ltr'>elegantiae</span> <span class='ocrx_word' id='word_1_160' title='bbox 429 2152 541 2221; x_wconf 86' lang='lat' dir='ltr'>arbiter;</span> <span class='ocrx_word' id='word_1_161' title='bbox 562 2151 629 2207; x_wconf 91' lang='lat' dir='ltr'>dnm</span> <span class='ocrx_word' id='word_1_162' title='bbox 642 2150 712 2208; x_wconf 90' lang='lat' dir='ltr'>nibil</span> <span class='ocrx_word' id='word_1_163' title='bbox 724 2168 870 2207; x_wconf 86' lang='lat' dir='ltr'>amoenum</span> <span class='ocrx_word' id='word_1_164' title='bbox 882 2160 909 2207; x_wconf 87' lang='lat' dir='ltr'>et</span> <span class='ocrx_word' id='word_1_165' title='bbox 916 2151 997 2208; x_wconf 90' lang='lat' dir='ltr'>melle</span> 
     </span>
     <span class='ocr_line' id='line_1_24' title="bbox 198 2224 995 2299; baseline 0.001 -17"><span class='ocrx_word' id='word_1_166' title='bbox 198 2224 342 2283; x_wconf 88' lang='lat' dir='ltr'>adfluentia</span> <span class='ocrx_word' id='word_1_167' title='bbox 354 2234 438 2298; x_wconf 90' lang='lat' dir='ltr'>putat,</span> <span class='ocrx_word' id='word_1_168' title='bbox 455 2227 508 2281; x_wconf 89' lang='lat' dir='ltr'>nisi</span> <span class='ocrx_word' id='word_1_169' title='bbox 522 2225 595 2299; x_wconf 87' lang='lat' dir='ltr'>quod</span> <span class='ocrx_word' id='word_1_170' title='bbox 604 2229 628 2281; x_wconf 92' lang='lat' dir='ltr'>ei</span> <span class='ocrx_word' id='word_1_171' title='bbox 638 2226 777 2282; x_wconf 80' lang='lat' dir='ltr'>Petronius</span> <span class='ocrx_word' id='word_1_172' title='bbox 787 2226 995 2299; x_wconf 83' lang='lat' dir='ltr'>adprobavisset.</span> 
     </span>
     <span class='ocr_line' id='line_1_25' title="bbox 197 2300 998 2375; baseline -0.001 -17"><span class='ocrx_word' id='word_1_173' title='bbox 197 2301 276 2358; x_wconf 86' lang='lat' dir='ltr'>Unde</span> <span class='ocrx_word' id='word_1_174' title='bbox 293 2301 397 2357; x_wconf 89' lang='lat' dir='ltr'>invidia</span> <span class='ocrx_word' id='word_1_175' title='bbox 416 2300 549 2375; x_wconf 78' lang='lat' dir='ltr'>Tigellini,</span> <span class='ocrx_word' id='word_1_176' title='bbox 570 2303 650 2375; x_wconf 86' lang='lat' dir='ltr'>quasi</span> <span class='ocrx_word' id='word_1_177' title='bbox 668 2301 799 2357; x_wconf 84' lang='lat' dir='ltr'>adversus</span> <span class='ocrx_word' id='word_1_178' title='bbox 817 2301 955 2358; x_wconf 91' lang='lat' dir='ltr'>aemulum</span> <span class='ocrx_word' id='word_1_179' title='bbox 972 2310 998 2357; x_wconf 90' lang='lat' dir='ltr'>et</span> 
     </span>
     <span class='ocr_line' id='line_1_26' title="bbox 197 2374 998 2450; baseline -0.002 -17"><span class='ocrx_word' id='word_1_180' title='bbox 197 2377 309 2433; x_wconf 74' lang='lat' dir='ltr'>edentia</span> <span class='ocrx_word' id='word_1_181' title='bbox 318 2374 484 2448; x_wconf 84' lang='lat' dir='ltr'>voluptatum</span> <span class='ocrx_word' id='word_1_182' title='bbox 494 2377 631 2447; x_wconf 88' lang='lat' dir='ltr'>potiorem.</span> <span class='ocrx_word' id='word_1_183' title='bbox 651 2376 723 2450; x_wconf 78' lang='lat' dir='ltr'>Ergo</span> <span class='ocrx_word' id='word_1_184' title='bbox 730 2376 912 2433; x_wconf 87' lang='lat' dir='ltr'>crudelitatem</span> <span class='ocrx_word' id='word_1_185' title='bbox 921 2379 998 2450; x_wconf 89' lang='lat' dir='ltr'>prin·</span> 
     </span>
     <span class='ocr_line' id='line_1_27' title="bbox 197 2450 1052 2526; baseline 0.004 -19"><span class='ocrx_word' id='word_1_186' title='bbox 197 2452 279 2524; x_wconf 87' lang='lat' dir='ltr'>cipis,</span> <span class='ocrx_word' id='word_1_187' title='bbox 288 2450 333 2507; x_wconf 89' lang='lat' dir='ltr'>cui</span> <span class='ocrx_word' id='word_1_188' title='bbox 342 2460 441 2507; x_wconf 74' lang='lat' dir='ltr'>macrae</span> <span class='ocrx_word' id='word_1_189' title='bbox 451 2451 576 2507; x_wconf 87' lang='lat' dir='ltr'>libidines</span> <span class='ocrx_word' id='word_1_190' title='bbox 586 2451 722 2518; x_wconf 87' lang='lat' dir='ltr'>cedebant,</span> <span class='ocrx_word' id='word_1_191' title='bbox 732 2452 998 2526; x_wconf 63' lang='lat' dir='ltr'>adgreditusamici·</span> <span class='ocrx_word' id='word_1_192' title='bbox 1049 2459 1052 2465; x_wconf 82' lang='grc'><em>“</em></span> 
     </span>
     <span class='ocr_line' id='line_1_28' title="bbox 197 2525 996 2599; baseline -0.004 -17"><span class='ocrx_word' id='word_1_193' title='bbox 197 2528 263 2583; x_wconf 89' lang='lat' dir='ltr'>tiam</span> <span class='ocrx_word' id='word_1_194' title='bbox 272 2525 394 2583; x_wconf 82' lang='lat' dir='ltr'>Scaevini</span> <span class='ocrx_word' id='word_1_195' title='bbox 403 2527 523 2582; x_wconf 86' lang='lat' dir='ltr'>Petronio</span> <span class='ocrx_word' id='word_1_196' title='bbox 532 2526 676 2592; x_wconf 85' lang='lat' dir='ltr'>obiectans,</span> <span class='ocrx_word' id='word_1_197' title='bbox 683 2536 811 2599; x_wconf 85' lang='lat' dir='ltr'>conrupta</span> <span class='ocrx_word' id='word_1_198' title='bbox 820 2526 854 2581; x_wconf 90' lang='lat' dir='ltr'>ad</span> <span class='ocrx_word' id='word_1_199' title='bbox 864 2526 996 2581; x_wconf 91' lang='lat' dir='ltr'>indicium</span> 
     </span>
     <span class='ocr_line' id='line_1_29' title="bbox 196 2598 997 2730; baseline -0.002 -73"><span class='ocrx_word' id='word_1_200' title='bbox 196 2618 285 2667; x_wconf 86' lang='lat' dir='ltr'>servo,</span> <span class='ocrx_word' id='word_1_201' title='bbox 297 2601 472 2730; x_wconf 50' lang='lat' dir='ltr'>pdemptaque</span> <span class='ocrx_word' id='word_1_202' title='bbox 481 2600 644 2670; x_wconf 83' lang='lat' dir='ltr'>defensione,</span> <span class='ocrx_word' id='word_1_203' title='bbox 653 2609 679 2657; x_wconf 86' lang='lat' dir='ltr'>et</span> <span class='ocrx_word' id='word_1_204' title='bbox 687 2603 787 2657; x_wconf 83' lang='lat' dir='ltr'>meiere</span> <span class='ocrx_word' id='word_1_205' title='bbox 795 2598 870 2674; x_wconf 83' lang='lat' dir='ltr'>parte</span> <span class='ocrx_word' id='word_1_206' title='bbox 879 2598 997 2655; x_wconf 78' lang='lat' dir='ltr'>familiae</span> 
     </span>
     <span class='ocr_line' id='line_1_30' title="bbox 195 2677 417 2733; baseline -0.009 0"><span class='ocrx_word' id='word_1_207' title='bbox 195 2679 228 2733; x_wconf 88' lang='lat' dir='ltr'>in</span> <span class='ocrx_word' id='word_1_208' title='bbox 236 2677 363 2732; x_wconf 82' lang='lat' dir='ltr'>vineata</span> <span class='ocrx_word' id='word_1_209' title='bbox 383 2684 417 2731; x_wconf 89' lang='lat' dir='ltr'>ta.</span> 
     </span>
    </p>

    <p class='ocr_par' dir='ltr' id='par_1_4' title="bbox 196 2693 996 2975">
     <span class='ocr_line' id='line_1_31' title="bbox 254 2693 995 2824; baseline -0.004 -18"><span class='ocrx_word' id='word_1_210' title='bbox 254 2754 296 2806; x_wconf 79' lang='lat' dir='ltr'>re.</span> <span class='ocrx_word' id='word_1_211' title='bbox 317 2693 394 2807; x_wconf 64' lang='lat' dir='ltr'>Foris</span> <span class='ocrx_word' id='word_1_212' title='bbox 403 2750 457 2806; x_wconf 88' lang='lat' dir='ltr'>illis</span> <span class='ocrx_word' id='word_1_213' title='bbox 466 2751 560 2809; x_wconf 87' lang='lat' dir='ltr'>diebus</span> <span class='ocrx_word' id='word_1_214' title='bbox 570 2750 744 2824; x_wconf 85' lang='lat' dir='ltr'>Campaniam</span> <span class='ocrx_word' id='word_1_215' title='bbox 753 2750 881 2822; x_wconf 75' lang='lat' dir='ltr'>petiverat</span> <span class='ocrx_word' id='word_1_216' title='bbox 889 2747 995 2815; x_wconf 82' lang='lat' dir='ltr'>Caeam,</span> 
     </span>
     <span class='ocr_line' id='line_1_32' title="bbox 196 2823 994 2901; baseline -0.006 -19"><span class='ocrx_word' id='word_1_217' title='bbox 196 2836 224 2882; x_wconf 88' lang='lat' dir='ltr'>et</span> <span class='ocrx_word' id='word_1_218' title='bbox 234 2826 335 2883; x_wconf 80' lang='lat' dir='ltr'>Cumas</span> <span class='ocrx_word' id='word_1_219' title='bbox 344 2843 432 2899; x_wconf 87' lang='lat' dir='ltr'>usque</span> <span class='ocrx_word' id='word_1_220' title='bbox 441 2827 743 2901; x_wconf 76' lang='lat' dir='ltr'>progressusi‘etronius</span> <span class='ocrx_word' id='word_1_221' title='bbox 751 2823 994 2881; x_wconf 85' lang='lat' dir='ltr'>illieadtinebatur.</span> 
     </span>
     <span class='ocr_line' id='line_1_33' title="bbox 196 2899 996 2975; baseline -0.006 -18"><span class='ocrx_word' id='word_1_222' title='bbox 196 2903 254 2957; x_wconf 84' lang='lat' dir='ltr'>Nec</span> <span class='ocrx_word' id='word_1_223' title='bbox 266 2899 328 2957; x_wconf 92' lang='lat' dir='ltr'>tulit</span> <span class='ocrx_word' id='word_1_224' title='bbox 342 2900 412 2957; x_wconf 82' lang='lat' dir='ltr'>ultra</span> <span class='ocrx_word' id='word_1_225' title='bbox 424 2902 528 2957; x_wconf 87' lang='lat' dir='ltr'>timeris</span> <span class='ocrx_word' id='word_1_226' title='bbox 541 2910 587 2958; x_wconf 89' lang='lat' dir='ltr'>aut</span> <span class='ocrx_word' id='word_1_227' title='bbox 598 2901 657 2975; x_wconf 86' lang='lat' dir='ltr'>spei</span> <span class='ocrx_word' id='word_1_228' title='bbox 667 2917 765 2957; x_wconf 88' lang='lat' dir='ltr'>moras.</span> <span class='ocrx_word' id='word_1_229' title='bbox 803 2899 898 2971; x_wconf 85' lang='lat' dir='ltr'>Neque</span> <span class='ocrx_word' id='word_1_230' title='bbox 907 2907 996 2953; x_wconf 87' lang='lat' dir='ltr'>tamen</span> 
     </span>
    </p>
   </div>
   <div class='ocr_carea' id='block_1_3' title="bbox 196 2964 995 3051">
    <p class='ocr_par' dir='ltr' id='par_1_5' title="bbox 196 2964 995 3051">
     <span class='ocr_line' id='line_1_34' title="bbox 196 2964 995 3051; baseline 0 -20"><span class='ocrx_word' id='word_1_231' title='bbox 196 2992 329 3051; x_wconf 78' lang='lat' dir='ltr'>praeoeps</span> <span class='ocrx_word' id='word_1_232' title='bbox 338 2978 421 3033; x_wconf 85' lang='lat' dir='ltr'>vitam</span> <span class='ocrx_word' id='word_1_233' title='bbox 434 2976 547 3050; x_wconf 80' lang='lat' dir='ltr'>expulit,</span> <span class='ocrx_word' id='word_1_234' title='bbox 562 2976 610 3033; x_wconf 87' lang='lat' dir='ltr'>sed</span> <span class='ocrx_word' id='word_1_235' title='bbox 624 2977 724 3033; x_wconf 88' lang='lat' dir='ltr'>incisas</span> <span class='ocrx_word' id='word_1_236' title='bbox 734 2992 827 3042; x_wconf 77' lang='lat' dir='ltr'>venas,</span> <span class='ocrx_word' id='word_1_237' title='bbox 836 2964 995 3039; x_wconf 86' lang='lat' dir='ltr'>utlibitum,</span> 
     </span>
    </p>
   </div>
   <div class='ocr_carea' id='block_1_4' title="bbox 0 0 1292 3734">
    <p class='ocr_par' dir='ltr' id='par_1_6' title="bbox 0 0 1292 3734">
     <span class='ocr_line' id='line_1_35' title="bbox 0 0 1292 3734; baseline 0 0"><span class='ocrx_word' id='word_1_238' title='bbox 0 0 1292 3734; x_wconf 95' lang='lat' dir='ltr'> </span> 
     </span>
    </p>
   </div>
  </div>
 </body>
</html>
