2575 3734
193 448 305 522 sets)
395 458 477 503 mn.
495 457 516 506 ι
537 457 626 505 cer.
648 457 772 504 ‘te-ss.
937 453 985 508 ll

190 561 298 621 nlilun,
314 561 386 612 inter
396 561 464 612 ulios
472 561 675 622 eiuedennrtia,
690 563 813 613 interesse
827 561 908 623 ludis,
923 577 986 629 ques

189 642 264 687 nunr
272 649 326 687 meu
335 637 366 686 in
374 637 524 686 nemerim
532 634 643 702 inuncti
651 641 792 688 semmel.
830 633 885 688 Nec
895 642 986 690 eontra

188 711 321 776 relipicnes
334 709 407 776 fieri,
422 711 492 776 quud
506 710 603 777 efficies
614 711 682 770 nus,
697 716 727 762 ut
740 710 798 763 ulie
806 711 941 762 numinum
948 713 987 764 ei-

187 785 316 845 nulucru,
335 785 526 837 venditionibus
539 784 673 835 bmlorun
685 787 843 836 et'dcnuun
853 785 985 837 armant.

187 857 373 912 Iusiurandum
378 860 488 924 perinde
496 859 693 920 aestimandum,
702 861 812 927 quamsi
820 858 906 912 Iccen
914 860 988 926 lescl-

188 935 266 987 lisset:
274 935 387 986 &mun
396 935 511 985 iniurius
519 935 571 985 dita
580 948 668 986 curce.

229 1082 280 1136 lt.
301 1079 361 1134 Nec
370 1077 455 1134 multo
468 1089 542 1151 pest,
558 1079 688 1136 Granium
699 1078 866 1146 Marcellum,
883 1089 987 1152 prsete-

185 1173 238 1210 rem
246 1153 403 1229 Bithyniae,
413 1163 537 1226 quaestor
546 1149 642 1225 ipsius,
655 1153 751 1225 Caepio
761 1155 915 1226 Crispinus,
928 1173 985 1210 me-

184 1232 282 1285 iestatis
289 1227 649 1302 postulavit,.subscribente
658 1229 777 1285 Romane
785 1231 915 1302 Hispone:
936 1233 985 1303 qui

186 1305 296 1360 termam
318 1305 392 1360 vitae
413 1304 488 1369 iniit,
509 1320 593 1375 quam
610 1311 700 1375 postea
719 1303 848 1360 celebrem
862 1305 985 1360 miseriae

186 1389 338 1451 temporum
347 1385 375 1436 et
382 1377 508 1433 eudeciae
516 1379 658 1434 bominum
669 1377 796 1434 fecerunt.
816 1379 884 1434 Nem
893 1397 983 1453 egens,
1081 1391 1084 1400 ’

187 1455 299 1527 ignem
310 1454 433 1526 inquies,
444 1453 511 1508 dum
519 1452 629 1509 occultis
640 1452 737 1510 libellis
746 1453 870 1510 saevitiae
885 1457 986 1528 princi-

190 1528 233 1601 pie
240 1529 358 1602 edrepit,
369 1545 434 1584 mex
443 1527 591 1584 clarissimo
600 1530 699 1602 cuique
708 1528 857 1600 perieulum
868 1528 983 1596 facessit,

188 1606 329 1675 peculim
342 1602 418 1674 apud
432 1620 534 1667 unum,
553 1603 647 1658 odium
659 1603 732 1675 epud
749 1621 841 1660 omnes
861 1603 983 1676 adeptus,

187 1678 255 1734 dedit
269 1676 445 1750 exemplum,
460 1678 639 1750 quotiescun,
661 1695 694 1734 ex
703 1677 867 1750 pauperibus
877 1679 984 1743 divites,

188 1771 218 1809 ex
226 1753 389 1825 contemptis
398 1752 542 1820 metuendi,
554 1753 701 1824 perniciem
711 1751 772 1807 aliis
782 1769 812 1806 ec
820 1759 986 1822 postremum

187 1829 386 1884 sibiinvenere.
415 1825 631 1883 SedMarcellum
639 1825 814 1881 insimulabat
823 1826 945 1882 sinistros
954 1826 987 1880 de

185 1904 290 1960 Tiberio
298 1919 438 1958 sermones
447 1901 588 1958 babuisse:
599 1899 755 1956 inevitabile
762 1901 872 1966 crimen,
880 1919 942 1956 eum
953 1919 987 1957 ex

184 1979 306 2034 moribus
319 1976 452 2050 principie
467 1975 620 2032 foedissima
634 1990 758 2060 quaeque
771 1974 896 2050 deligeret
909 1993 987 2032 accu-

185 2062 267 2119 sator,
282 2052 481 2124 obiectaretque
488 2069 542 2108 reo.
581 2051 650 2105 Nam
663 2049 726 2123 quia
736 2067 797 2106 vere
807 2061 893 2116 erant,
906 2053 985 2107 etiem

185 2127 254 2183 dicta
270 2126 458 2184 credebantur.
495 2125 605 2182 Addidit
622 2126 718 2197 Hispo,
739 2135 852 2181 statuum
866 2128 987 2182 Marcelli

186 2206 265 2258 ultius
275 2220 356 2273 wan
368 2201 508 2258 Caesarum
517 2204 706 2256 sitanstetin
717 2206 987 2269 instatua,anpututc

189 2280 270 2346 cupite
279 2281 405 2346 Aucusti,
420 2279 529 2347 efficium
540 2278 636 2331 Tiberii
649 2280 767 2332 inditum.
805 2274 847 2330 Ad
857 2275 929 2348 quod
940 2293 988 2331 ex-

187 2353 250 2407 arsit
258 2351 340 2417 edeo,
351 2357 396 2417 ut,
409 2358 488 2422 rupta
496 2351 681 2416 taciturnitate,
692 2349 873 2427 presumeret,
884 2369 911 2405 se
921 2369 986 2420 puo-

188 2445 233 2495 que
242 2431 272 2482 in
282 2445 315 2481 ea
325 2443 419 2481 caussa
429 2429 542 2481 laturum
551 2430 703 2482 sententian
714 2429 805 2495 palan
818 2435 841 2480 et
856 2431 986 2480 iuratum:

188 2519 239 2572 quo
254 2500 350 2556 ceteris
365 2499 457 2555 eadem
471 2499 613 2556 nenessitas
627 2499 709 2556 fieret.
748 2499 890 2556 Manebent
907 2501 987 2554 etiam

187 2583 245 2630 tem
255 2575 368 2650 vestigia
377 2574 515 2631 morientis
524 2573 661 2631 libertatis.
682 2574 767 2648 Igitur
776 2574 826 2631 Cn.
838 2575 907 2639 Piso,
922 2575 986 2641 Quo,

187 2651 289 2723 inquit,
306 2653 363 2705 leco
374 2653 497 2714 censebis,
515 2648 631 2706 Canae?
649 2649 802 2718 supremus,
816 2651 911 2703 habebo
920 2651 988 2718 quod

187 2742 296 2795 nquar:
305 2729 331 2780 ei
337 2733 505 2794 pertenues,
515 2742 617 2798 eneae,
630 2741 663 2779 ne
672 2727 820 2792 imprudens
830 2727 987 2778 dissentiam.

188 2799 384 2856 Permotusbis
453 2806 567 2871 anteque
580 2799 715 2855 incautius
728 2797 875 2862 effervent,
896 2799 989 2870 poeni-

188 2876 265 2930 tentia
275 2841 420 2947 petiensiu
432 2875 462 2939 it,
468 2872 570 2929 absolvi
578 2891 655 2930 reum
665 2871 824 2928 criminibus
832 2873 986 2926 maiestatis.

188 2948 223 3004 De
231 2950 357 3021 pecuniis
368 2948 522 3021 repetundis
531 2948 565 3004 ad
574 2949 761 3020 reciperatores
770 2947 838 3000 itum
850 2953 899 2998 est.
