2575 3734
205 451 309 527 eene)
389 461 467 508 ors.
486 463 523 508 n
543 462 633 509 cer.
654 463 777 511 es-oo.
949 461 982 516 to

160 560 161 611 f
207 561 304 615 Vonones
314 565 345 616 tu
360 560 442 630 spese
452 565 600 625 minetur,
611 578 662 617 neu
669 579 791 632 proceres
799 569 912 633 pestium
917 581 983 634 pro-

199 640 289 703 pinquis
298 641 400 690 moso
411 640 448 691 od
458 639 606 691 discordiae
619 641 740 692 doinst.
778 637 821 692 Ad
831 654 862 692 ea
872 638 984 694 Goma-

200 708 264 762 nious
272 707 435 765 damnietate
442 710 624 784 Romanorum
636 711 848 784 Parthorumque
858 713 984 786 magnifi-

199 797 230 846 ee,
242 781 272 837 do
283 783 400 840 adventu
412 785 485 857 regie
498 783 607 840 eteuitu
621 785 665 840 eui
675 801 738 854 ounr
748 785 841 842 deoore
850 803 882 842 ae
891 787 984 844 mede·

199 857 239 909 stia
250 857 404 930 respondit,
433 859 557 915 Vonones
570 858 786 931 Pompeiopolim,
803 860 912 916 Cilioiee
923 877 983 917 me·

198 931 298 985 utinam
306 933 414 998 urbem,
426 940 531 988 emotrn
539 940 589 987 est.
620 934 716 988 Datum
728 935 756 991 id
766 952 818 990 non
832 933 911 992 modo
919 951 982 1008 pre-

197 1004 260 1059 ditus
273 1004 410 1072 Artabani,
425 1007 475 1062 sed
487 1007 663 1062 contumeliae
677 1009 791 1074 Pisonis,
805 1011 849 1064 eui
858 1011 981 1084 gratissi·

196 1095 246 1208 ἕως
253 1081 350 1136 mtob
363 1080 482 1153 piurima
493 1081 581 1138 oiiieie
590 1089 617 1136 et
623 1081 702 1148 dona,
714 1082 815 1156 quibus
825 1083 979 1141 Plancinam

221 1154 344 1210 uinxerss.

237 1230 276 1284 te·
295 1230 333 1285 ii.
344 1228 448 1294 Sileno,
457 1229 489 1284 L.
500 1229 625 1284 Norbano
631 1246 700 1302 eoos,
710 1230 980 1306 Germaniousdegy·

195 1303 454 1374 ptrmproiieisoitur,
466 1304 661 1376 eognoseendae
670 1305 844 1376 antiquitatis.
869 1305 980 1362 Seden-

195 1392 217 1429 ra
228 1378 377 1448 provinciae
389 1377 622 1448 praetendebatur:
642 1377 794 1452 levavitque
806 1381 904 1452 apertis
916 1381 980 1436 hor-

193 1451 323 1522 reiepretia
333 1451 461 1524 frugum:
482 1451 621 1524 multaque
633 1453 663 1508 in
672 1453 771 1527 vulgus
780 1461 854 1528 grate
862 1471 980 1527 usurpe-

195 1524 235 1579 tit:
252 1527 310 1582 sine
322 1526 414 1582 milite
425 1525 557 1592 inoedere,
571 1526 686 1598 pedibus
698 1529 803 1584 inteotis
812 1537 838 1585 et
846 1531 905 1601 pari
914 1545 978 1586 eum

193 1597 286 1655 Graecis
295 1599 585 1672 mioeufflrfloipionis
594 1601 782 1671 aemulatione,
794 1619 877 1675 quem
886 1603 979 1660 eadem

195 1670 342 1730 itotiuvisse
358 1675 433 1748 apud
449 1674 583 1741 Siciliam,
602 1677 729 1749 quemvis
748 1675 875 1750 flagrante
892 1676 981 1731 adhue

195 1745 327 1805 Poenum
343 1749 423 1816 helio,
438 1751 600 1822 woepinrus.
639 1751 774 1814 Tiberius,
788 1748 863 1805 onitu
872 1748 981 1805 hebius·

193 1837 240 1892 qne
248 1825 304 1880 eius
317 1824 428 1880 lenibus
437 1825 528 1880 verbis
540 1825 689 1898 perstricto,
701 1824 829 1878 acerrime
837 1823 978 1896 increpuit,

193 1897 262 1966 quud,
279 1907 372 1956 eontn
385 1901 505 1955 instituta
518 1899 645 1973 Augusti,
664 1915 718 1954 non
732 1904 825 1970 sponte
837 1899 977 1971 principis,

195 1970 370 2030 Alexandriam
378 1974 522 2030 introisset.
561 1975 631 2028 Nam
644 1972 784 2046 Augustus
792 1974 861 2044 inter
870 1971 922 2028 siis
930 1973 979 2029 do·

194 2047 335 2105 metionis
343 2064 448 2113 noane,
457 2049 557 2114 vetitis,
569 2048 622 2104 nisi
631 2047 777 2119 permissu,
787 2047 891 2123 ingredi
901 2065 979 2104 sene-

193 2121 294 2189 totibus,
311 2130 360 2178 ant
372 2121 510 2196 equitibus
523 2123 651 2179 Romania
664 2121 839 2189 inlustribus,
859 2124 979 2195 seposuit

194 2192 347 2269 Aegyptum:
368 2213 403 2252 ne
424 2195 495 2251 fame
511 2204 619 2271 urgeret
637 2197 749 2263 ltaliam,
771 2198 899 2270 quisquis
918 2213 977 2252 eam

193 2270 346 2337 nomm
359 2270 529 2343 maenaque
541 2280 625 2328 terrae
636 2287 668 2328 ae
680 2272 773 2338 maris,
788 2272 915 2344 wamiis
924 2271 978 2327 levi

194 2346 312 2410 praesidio
321 2345 466 2401 adversum
475 2345 597 2420 ingentes
605 2347 748 2412 exereitus,
759 2345 909 2402 insedisset.

237 2422 278 2475 id.
297 2419 547 2493 SedGernranieus,
557 2420 677 2476 nondum
686 2428 828 2492 comperto,
839 2419 979 2492 proiectio-

195 2505 245 2547 Μ
258 2511 318 2550 eam
331 2494 460 2559 ineunti,
475 2493 537 2550 Niio
549 2495 758 2561 subvehebatur,
768 2511 846 2550 orsus
855 2491 979 2566 oppidoa

196 2562 298 2640 Cenopo.
337 2568 485 2625 Condidere
497 2569 526 2624 id
539 2568 670 2642 Spartani,
682 2570 717 2625 ob
726 2567 862 2641 sepultum
872 2567 928 2622 illio
936 2581 980 2622 re-

195 2647 280 2698 storem
298 2643 387 2709 navis,
405 2642 559 2714 Canopum
584 2658 638 2716 qua
659 2650 812 2715 tempestate
831 2640 977 2706 Menelaus,

196 2712 321 2773 dedam
330 2724 462 2790 repetens,
468 2716 605 2774 diversum
615 2717 649 2772 ad
659 2733 732 2772 mero
741 2714 980 2789 terramqueLiby·

196 2803 230 2844 uo
238 2791 364 2848 deieotue.
397 2791 462 2847 Inde
469 2793 624 2864 proximum
633 2793 722 2846 amnis
732 2807 772 2855 os,
783 2789 900 2844 dicatum
913 2790 981 2844 Her·

195 2863 342 2938 ediquem
350 2865 492 2940 indigenae
499 2875 587 2923 ortum
597 2865 670 2938 apud
679 2881 717 2931 se,
725 2872 751 2918 ot
760 2863 980 2934 antiquissimum

196 2938 335 3008 perhibent,
349 2955 458 3013 eoaque,
477 2942 527 3014 qui
538 2949 630 3012 postea
642 2939 703 3010 pari
717 2938 815 2994 virtuto
828 2933 937 2995 inerint,
951 2931 982 2984 in
