2575 3734
293 470 342 525 tto
572 475 806 555 ANNALIU!
954 468 1089 543 (numu

292 578 383 648 ipsum
398 576 504 631 satietas
516 576 641 647 espisset,
650 573 818 647 aliorumque
824 576 943 632 taedium
955 586 1092 649 exspeota-

292 668 359 715 rem,
376 652 503 722 quamvis
514 650 638 705 honestos
647 650 749 705 nivium
757 651 855 716 exitus,
866 652 957 706 tristes
967 662 1058 708 tamen
1067 662 1093 708 et

292 726 431 781 continuos
451 726 667 797 aspernantium:
699 724 734 780 ts
750 740 824 779 nune
836 726 964 797 patientia
972 727 1090 793 servili,

293 808 450 871 tentumque
460 798 600 873 sanguinis
610 798 682 855 domi
692 798 836 869 perditum,
847 798 960 873 fatigant
968 802 1092 857 animm

293 884 319 929 et
328 874 459 930 moestitia
467 875 639 947 restringunt.
672 872 765 945 Neque
774 873 854 929 eiiam
862 874 1048 932 deieosienem
1057 876 1092 931 ab

292 949 337 1013 iis,
350 948 451 1021 quibus
459 949 510 1023 ista
520 955 670 1013 noscentur,
680 949 825 1036 exegerim,
836 966 930 1020 quarm
945 950 1091 1006 neode'im

292 1032 347 1079 tam
361 1024 477 1097 segditer
488 1029 638 1095 pereuntes.
678 1022 719 1076 [re
732 1021 779 1077 sila
791 1024 934 1078 numinum
944 1025 977 1080 in
986 1042 1033 1080 res
1041 1026 1092 1081 Ro·

293 1114 387 1153 roanos
400 1096 460 1163 init,
481 1114 563 1168 mom
577 1113 640 1161 non,
660 1097 728 1151 utin
738 1096 1038 1155 cladibusexereitunm
1048 1106 1092 1155 ant

292 1169 1092 1327 tt‘tttttttrttttttti'ttdttffl

292 1320 367 1392 quiis
381 1320 556 1391 epromiseua
566 1318 702 1393 sepultura
714 1329 880 1392 separantur,
891 1323 937 1388 ita,
949 1322 1093 1379 intenditi-

291 1411 343 1450 ons
352 1410 553 1483 supremorum,
568 1395 698 1467 ascipiunt
711 1395 878 1469 habeantque
887 1398 1026 1469 propriam
1035 1414 1092 1455 roe·

292 1486 416 1525 mortam.
557 1492 560 1501 ’
1158 1487 1159 1518 r

349 1544 390 1599 rt.
411 1544 511 1599 Paneas
523 1545 626 1617 ¹qnippe
638 1546 707 1599 iutro
720 1544 788 1610 dies,
800 1544 892 1600 eodem
905 1547 1026 1619 agmine,
1036 1546 1092 1603 An·

293 1634 376 1673 naeus
389 1617 467 1683 tiela,
487 1618 597 1675 Coriolis
610 1618 732 1684 Anicius,
752 1616 848 1676 Rufius
860 1618 1005 1692 Crispinus
1017 1639 1051 1677 ao
1059 1622 1088 1678 C.
1158 1661 1159 1666 κ

292 1692 432 1749 Petronius
446 1694 577 1749 eeeidere:
597 1693 666 1750 Mela
678 1702 706 1752 et
714 1693 865 1767 Crispinus,
881 1696 986 1767 equites
993 1696 1091 1752 Romo·

293 1769 332 1834 ni,
354 1768 481 1842 dignitate
500 1769 642 1825 senatorio:
663 1786 726 1823 nam
740 1768 929 1842 hicquondem
940 1770 1091 1842 praetentus

292 1844 417 1917 praetorii
430 1850 458 1898 et
469 1842 656 1902 consularibus
665 1842 819 1917 insignibus
827 1842 949 1910 donatus,
963 1862 997 1901 oe
1005 1864 1090 1919 nupn

293 1919 405 1974 mimine
424 1918 613 1973 ooniurstioois
632 1920 661 1973 in
679 1918 829 1973 Sardiniam
845 1926 964 1985 amoma,
985 1932 1093 1993 aeoepto

259 2051 262 2056 ,
292 1993 385 2049 iussae
401 1993 495 2049 mortis
511 1994 624 2059 nuntio,
634 2001 718 2049 semet
731 1992 875 2049 interiecit:
894 1992 974 2060 Mela,
988 1995 1092 2067 quibus

294 2067 381 2125 Gallio
394 2077 420 2124 et
430 2066 540 2133 Senem,
551 2067 708 2139 parentibus
720 2077 808 2134 natus,
822 2068 947 2140 petitione
956 2068 1092 2126 bonorum

293 2142 455 2198 abstinuerat
473 2159 520 2215 per
538 2142 711 2199 ambitionem
727 2152 936 2215 praeposteram,
956 2152 990 2200 ut
1007 2162 1094 2217 eques

292 2216 622 2273 Romanusoonsuloribns
630 2218 747 2289 potentio
759 2226 928 2291 sequeretur,
949 2219 1034 2275 simul
1044 2220 1092 2275 ad-

293 2291 438 2363 quirendae
447 2293 575 2364 paeoniae
585 2292 695 2349 brevius
703 2292 754 2349 iter
761 2293 892 2358 credebat,
906 2309 955 2365 per
963 2310 1093 2366 procura-

293 2366 378 2422 tiones
386 2366 604 2425 administrandis
613 2368 744 2442 principis
753 2371 875 2442 negotii.
901 2368 974 2424 idem
984 2369 1094 2425 Annae·

294 2457 341 2496 um
354 2441 492 2498 Lucanum
501 2452 637 2516 genuerat,
650 2443 751 2519 grands
759 2444 943 2507 adiumentum
951 2443 1094 2502 claritudi-

293 2515 351 2571 nis:
371 2532 426 2587 quo
439 2516 584 2583 interiecto,
599 2520 667 2576 dom
680 2536 737 2574 rem
751 2517 909 2573 familiarem
922 2519 983 2575 eius
995 2522 1093 2576 aeriter

293 2590 416 2663 requirit,
431 2589 612 2646 odousotorem
624 2593 740 2648 concivit
753 2592 867 2649 Fabium
880 2593 1045 2661 Romanum,
1058 2612 1092 2651 ex

292 2664 397 2720 intimis
405 2665 507 2738 Luceni
516 2664 619 2721 amieis.
658 2667 741 2721 Mixto
755 2667 824 2721 inter
835 2674 936 2738 patrem
946 2667 1092 2743 filiumque

288 2740 482 2795 vconiurationis
495 2740 604 2797 seientia
618 2738 738 2813 fingitur,
752 2740 919 2797 adsimulatis
932 2742 1039 2799 Luceni
1049 2744 1093 2799 lit·

293 2813 370 2865 teris:
391 2829 460 2883 quas
474 2814 606 2885 inspectas
615 2815 685 2870 Nero
697 2813 765 2869 ferre
774 2814 808 2870 ad
818 2833 880 2871 eum
890 2817 984 2883 iussit,
991 2820 1093 2890 opibus

294 2887 353 2939 eius
361 2884 479 2941 inhiens.
507 2886 775 2961 terruannorum
787 2892 986 2963 promptissima
996 2894 1092 2949 mortis

293 2959 347 3021 vie,
358 2957 470 3015 exsolvit
480 2976 575 3017 seem:
589 2961 696 3036 seriptis
705 2963 951 3037 eodidliis,quibns
959 2968 1092 3040 grandem
