2575 3734
273 483 324 540 262
558 487 795 535 ANNALIUM
937 476 1074 550 (ansol.

273 589 467 646 numeratione
487 587 515 643 in
535 587 660 652 eundem,
681 603 764 659 quern
781 604 797 643 a
817 584 910 642 liberto
928 594 1075 656 acceperat,

273 663 394 720 modum.
434 661 600 718 educabant
613 663 703 734 periti,
718 660 822 717 nullam
835 659 946 716 antehac
956 661 1079 731 adoptio-

275 755 336 795 nem
350 738 419 794 inter
433 737 557 810 patricios
571 736 698 793 Claudios
713 736 834 808 reperiri,
851 751 951 808 eosque
964 734 1000 790 ab
1016 735 1079 790 Atto

274 813 371 870 Clauso
381 812 520 888 continuos
530 811 679 868 duravisse.

329 891 372 945 26.
394 886 516 942 Ceterum
534 893 606 942 actae
624 886 741 958 principi
754 894 851 958 grates,
871 883 1033 956 quaesitiore
1047 884 1078 939 in

274 962 419 1018 Domitium
430 959 594 1017 adulatione:
616 967 760 1033 rogataque
770 959 823 1025 lex,
839 975 895 1031 qua
907 963 935 1012 in
946 961 1080 1028 familiam

277 1037 414 1092 cacavam
422 1043 446 1089 et
455 1035 663 1092 nomenNercrn'e
672 1038 805 1090 tmnriret.
818 1031 938 1106 Augetur
948 1031 1080 1105 atdgrip-
1169 1055 1170 1078 t

274 1113 339 1182 pina
357 1117 529 1182 cognomento
547 1108 689 1178 depastos.
728 1105 834 1175 Quibus
852 1107 976 1180 patratis,
997 1124 1080 1162 nemo

275 1184 340 1240 adeo
360 1199 454 1256 expers
474 1183 672 1239 misericordiae
690 1181 751 1248 luit,
765 1199 847 1254 quam
863 1198 916 1237 non
930 1181 1080 1236 Britannici

275 1257 394 1315 fortunae
407 1273 509 1312 moeror
522 1256 654 1332 adiiceret.
693 1256 831 1313 Desoletus
843 1254 982 1327 paullatim
996 1257 1079 1310 etiam

275 1331 419 1388 servilibus
433 1330 599 1397 ministeriis,
615 1331 802 1402 intempestiva
811 1347 940 1386 novercae
949 1329 1038 1386 ollicia
1048 1332 1078 1385 in

167 1447 173 1455 .
275 1405 391 1462 ludibria
400 1405 524 1472 vertebat,
535 1405 688 1480 intelligens
697 1404 768 1461 lalsi.
779 1405 874 1478 Neque
883 1405 955 1460 enim
964 1421 1079 1492 segnem

275 1481 301 1536 ei
318 1478 402 1535 luisse
423 1478 540 1536 indolem
559 1479 662 1536 ierunt:
682 1480 742 1536 sive
755 1497 859 1545 verum,
880 1496 930 1534 seu
947 1479 1078 1552 periculis

275 1553 485 1619 commendatus,
496 1555 606 1612 retinuit
616 1553 715 1610 lamam
724 1555 784 1610 sina
793 1555 982 1627 experimento.

329 1632 372 1686 27.
393 1626 446 1684 Sed
459 1629 617 1702 Agrippina,
638 1646 693 1700 quo
707 1630 763 1684 vim
784 1647 864 1686 suam
876 1629 1079 1701 sociisquoque

275 1703 428 1760 nationibus
437 1711 586 1768 ostentaret,
598 1707 626 1759 in
637 1703 767 1775 oppidum
776 1705 917 1770 Ubiorum,
925 1703 955 1758 in
965 1721 1021 1775 quo
1028 1721 1079 1777 ga-

275 1779 331 1835 nita
342 1786 406 1843 orat,
423 1787 559 1834 veteranos
572 1777 758 1850 coloniamque
772 1779 868 1834 deduci
882 1779 1010 1851 inpetrat3
1031 1779 1078 1834 cui

276 1870 373 1908 nomen
384 1853 499 1909 inditum
510 1871 543 1909 ex
553 1853 681 1911 vocabulo
692 1853 789 1926 ipsius.
809 1852 849 1908 ric
860 1852 925 1909 forte
934 1852 1076 1919 acciderat,

275 1937 306 1982 ut
315 1946 373 1982 cam
387 1936 503 2002 gentem,
514 1927 607 1985 Rheno
622 1938 824 2002 transgressam.
838 1945 906 1984 avus
914 1927 1035 2002 Agrippa
1048 1929 1078 1984 in

274 2001 505 2072 fidemacciperet.
539 2003 638 2058 lisdem
650 2001 1079 2074 temporibusinsuperioreGer-
1170 2054 1171 2067 ,

275 2077 365 2131 mania
376 2069 535 2146 trepidatum
545 2077 662 2132 adventu
671 2077 817 2142 Catonum,
829 2076 964 2132 latrocinia
973 2079 1088 2150 egitanff

275 2152 354 2205 tium.
394 2149 458 2204 Indo
471 2150 503 2207 L.
515 2151 677 2222 Pomponius
691 2151 794 2226 legatus
807 2151 950 2206 auxiliares
959 2151 1081 2225 Vangio-

274 2241 324 2279 nas
337 2241 368 2278 ao
381 2224 515 2290 Nemetas,
531 2225 620 2280 addito
632 2226 723 2298 equite
735 2226 827 2291 alerio,
837 2226 951 2289 monuit,
963 2234 992 2280 ut
1002 2235 1092 2282 ante-⁸

273 2299 344 2354 irent
357 2298 534 2370 populatores,
549 2299 591 2356 vel
605 2299 718 2373 dilapsis
732 2301 864 2373 inprovisi
877 2298 1080 2356 circumlunde·

238 2431 242 2440 q
273 2379 376 2428 rentur.
415 2372 449 2426 Et
462 2381 552 2428 secuta
562 2374 706 2430 consilium
716 2374 794 2430 ducis
803 2374 935 2430 industria
944 2375 1077 2442 militum,

274 2446 412 2520 divisique
429 2448 459 2501 in
473 2445 526 2502 duo
540 2449 659 2520 agmina,
674 2451 723 2522 qui
737 2449 844 2506 laevum
857 2450 906 2505 iter
916 2450 1077 2521 petiverant,

273 2539 367 2578 recens
381 2537 512 2586 reversos,
528 2521 679 2594 praedaque
692 2541 739 2594 per
754 2524 851 2580 luxum
865 2541 930 2580 usos
943 2532 969 2579 et
981 2537 1079 2582 somno

273 2613 379 2668 graves,
395 2596 605 2652 circumvenere.
644 2595 728 2652 Aucta
744 2596 850 2665 laetitia,
861 2597 935 2671 quod
942 2598 1078 2670 quosdam

274 2669 376 2726 eclade
384 2670 497 2728 Variana
517 2668 755 2744 quadragesimum
773 2681 832 2745 post
850 2690 953 2729 annum
965 2674 1080 2732 servitio

274 2754 436 2802 exemerunt.
517 2764 521 2774 ¹

328 2821 371 2873 28.
383 2819 426 2883 At,
434 2821 482 2892 qui
487 2818 588 2874 dextris
598 2827 624 2873 ct
633 2819 802 2891 propioribus
808 2820 973 2893 compendiis
978 2821 1076 2888 ierant.

273 2891 352 2948 obvio
362 2891 441 2958 hosti,
455 2901 480 2947 et
490 2894 575 2948 aciem
585 2910 661 2959 anso,
675 2892 738 2966 plns
748 2893 832 2950 cladis
842 2895 952 2960 iaciunt,
963 2905 990 2950 et
997 2913 1064 2968 prae

273 2966 306 3020 da
326 2965 450 3041 lunaque
468 2969 558 3024 onusti
577 2967 611 3024 ad
624 2977 741 3024 montem
754 2968 878 3024 Taunum
893 2980 1074 3026 revertuntur,
