2575 3734
313 481 347 537 ἥ
596 483 835 532 insaniunt
978 473 1052 548 (nu.
1068 485 1140 534 scr.

314 596 342 644 at
350 603 447 661 magna
456 603 515 658 spe,
525 584 582 643 iore
590 594 622 641 ut
630 585 807 644 Gnmanicus
817 583 914 640 Caesar
922 583 1075 656 imperium
1089 585 1143 640 al·-

315 664 399 719 terius
411 662 467 734 peti
481 661 619 734 nequiret,
638 660 766 733 daretque
779 677 809 714 se
830 659 996 733 legionibus,
1016 661 1046 714 ui
1074 678 1141 716 sua
1164 705 1165 730 ,

272 743 277 754 '
314 738 563 796 cunctatractums.
600 736 660 792 Duc
679 735 752 807 apud
771 735 858 807 ripam
877 733 965 790 libeni
984 736 1141 792 exmnitus
1164 793 1165 796 ,

264 827 267 832 ’
314 820 402 869 mant:
423 811 468 866 cui
478 827 577 867 nomen
586 810 732 883 superiori,
747 809 800 864 sub
810 808 840 865 C.
852 807 918 865 Silio
929 807 1028 883 legato3
1049 809 1144 866 imfe-

258 922 263 932 ι
315 889 413 942 riorem
422 883 456 940 A.
468 884 582 942 Caecina
592 885 712 942 curabat.
750 885 880 958 Regimen
889 885 1065 940 summaerei
1077 901 1142 957 pe-
1164 903 1165 958 q

316 979 365 1018 nes
374 961 576 1026 Germanicum,
587 959 691 1034 agendo
700 959 849 1016 Galliarum
858 960 952 1014 censui
962 959 1141 1017 tuminten-
1164 993 1165 1018 l

316 1046 385 1092 tum.
419 1033 583 1107 Sedquibus
592 1035 678 1092 Silius
688 1034 882 1101 moderebatur,
894 1041 983 1090 mente
991 1033 1141 1108 ambigua
1164 1079 1165 1108 ,

316 1110 450 1166 fortunam
468 1109 607 1166 seditionis
625 1109 727 1166 uenae
745 1107 964 1180 speculubenbrr:
985 1107 1138 1166 inferioris
1164 1145 1165 1182 q

316 1185 450 1242 exercitus
458 1183 537 1240 miles
546 1185 576 1240 in
585 1184 688 1242 rabiem
697 1183 840 1256 prolapsus
848 1192 901 1249 eat,
916 1191 973 1240 orto
982 1183 1015 1238 ab
1025 1195 1139 1240 unaet-

317 1260 489 1316 viceeimunis
498 1260 692 1331 quintanisque
703 1258 792 1323 initio,
809 1268 835 1314 et
848 1259 938 1314 tractis
950 1259 1038 1329 prima
1052 1277 1138 1332 quo-
1164 1295 1165 1332 ,

317 1351 371 1409 que
381 1335 550 1393 acuiceaima
559 1333 726 1406 legionibus5
742 1351 805 1388 nem
819 1333 916 1390 iisdem
930 1334 1038 1388 aestivis
1049 1336 1086 1390 in
1098 1336 1138 1390 li-
1164 1365 1165 1406 q

317 1409 400 1466 nibus
410 1408 540 1465 Ubiorum
549 1408 718 1464 habebantur
726 1425 775 1480 per
784 1409 870 1464 otium
879 1417 926 1464 eut
935 1407 1004 1465 levia
1014 1411 1134 1468 munia.
1164 1467 1165 1480 ,

317 1485 412 1558 Igitur,
424 1483 514 1540 audito
523 1482 708 1558 lineAugusti,
720 1483 863 1539 vernacula
872 1482 1026 1550 multitudo,
1033 1501 1136 1557 nuper
1164 1519 1165 1552 ,

318 1567 375 1614 acto
389 1558 417 1614 in
432 1559 500 1614 urbe
515 1557 634 1624 delectu,
651 1558 776 1622 lasciviae,
788 1567 879 1624 sueta,
895 1557 1017 1614 laborum
1026 1559 1137 1617 intole-
1164 1587 1165 1626 q

318 1651 397 1700 rans,
413 1633 551 1707 impellere
559 1642 708 1690 ceterorum
717 1633 798 1688 rudes
808 1633 925 1690 animos:
946 1638 1045 1690 oenum
1062 1643 1136 1690 tect-
1164 1671 1165 1704 ,

315 1727 380 1780 pus,
396 1725 448 1780 quc
455 1713 573 1766 murnai
580 1718 713 1764 moturum
721 1713 879 1773 munimen,
890 1714 994 1764 iucem
1004 1711 1135 1780 largiora
1164 1739 1165 1778 q

317 1789 461 1854 stipendio,
476 1795 563 1841 cuncte
572 1789 676 1845 modum
688 1788 855 1842 miseriarum
867 1793 1046 1852 senescerent,
1064 1803 1136 1840 aas·
1164 1821 1165 1824 =

318 1866 459 1930 uitiumque
467 1864 648 1916 centurionum
660 1863 855 1916 ulciscerentur.
894 1859 1132 1924 Nonunusbnec,
1164 1887 1165 1928 q

321 1943 350 1990 ut
358 1935 523 1990 Pannonicas
533 1937 603 1992 inter
613 1935 731 2010 legiones
740 1933 917 2000 Percennius,
929 1951 981 1990 neo
988 1933 1062 2007 apud
1073 1943 1134 1990 tre-
1164 1965 1165 1984 r

320 2007 396 2080 pidos
410 2009 529 2064 militum
542 2027 635 2076 aures,
657 2009 724 2066 alies
736 2008 878 2069 validiores
892 2010 1024 2066 exercitus
1037 2012 1135 2082 respi-
1164 2071 1165 2076 η

319 2083 461 2149 cientium,
481 2083 531 2139 sed
543 2084 630 2140 multa
643 2085 782 2142 seditionis
796 2102 841 2141 ora
860 2101 1005 2158 vocesque:
1026 2103 1079 2140 eun
1102 2090 1134 2140 tn

319 2174 400 2212 mauu
415 2163 494 2215 aitcm
506 2175 563 2215 rem
573 2160 732 2228 Romnum
754 2165 810 2215 auis
822 2165 941 2216 uictoriis
958 2165 1051 2229 nuperi
1069 2177 1134 2215 cern

317 2235 588 2301 pontemcurvum
598 2242 790 2302 contrementem
798 2239 912 2290 adscisci
923 2240 1104 2303 imperotores.
1134 2247 1141 2260 '

292 2366 295 2371 .
376 2310 419 2364 32.
440 2307 495 2363 Nec
504 2305 607 2381 legatus
615 2307 725 2364 obviam
735 2308 804 2365 ibet:
825 2311 927 2383 quippe
940 2309 1063 2383 plinium
1078 2325 1132 2366 ve·

320 2381 410 2438 cordia
419 2384 595 2438 constantiam
605 2390 748 2440 exemerat.
788 2383 905 2456 Repente
916 2384 1062 2460 lymphati,
1079 2383 1131 2439 de-

320 2457 420 2512 strictis
433 2456 546 2531 gladiis,
560 2458 768 2516 incenturicnes
782 2458 928 2526 invadunt,
943 2460 984 2534 (eu
999 2461 1131 2515 vetustis-

320 2533 391 2588 sima
404 2532 567 2588 militaiibus
579 2532 651 2591 odiis
665 2535 803 2601 materies,
824 2544 850 2591 et
868 2535 1004 2592 saeviendi
1023 2535 1132 2606 princi-¹

319 2608 398 2679 pium
406 2605 425 2681 ,l
433 2613 577 2680 prostratos
586 2609 744 2666 verberibus
754 2610 882 2675 mulcent,
894 2611 1020 2684 sexageni
1029 2610 1130 2682 singu-

244 2745 248 2748 ,
320 2681 375 2748 los,
400 2691 432 2738 ut
453 2700 598 2739 numerum
617 2687 804 2741 centurionum
828 2685 1015 2758 adaequarent.
1054 2685 1127 2738 'lum

320 2757 465 2814 convulsos
478 2757 645 2832 laniatosque
658 2768 685 2815 et
697 2761 795 2832 partim
805 2763 943 2818 exanimos
953 2767 1013 2816 ante
1022 2759 1127 2816 vallum

321 2839 368 2888 snt
383 2833 414 2889 in
433 2850 541 2890 amnem
560 2835 686 2891 Rhenum
705 2835 857 2907 proliciunt.
897 2835 1043 2906 Septimius
1061 2849 1127 2888 cnm

322 2905 483 2983 perfugisset
491 2908 526 2964 ad
535 2909 668 2976 tribunal,
685 2909 854 2982 pedibusque
864 2907 1128 2965 Caecinunndvclve·

323 2991 409 3050 retur,
424 3000 456 3040 ec
465 2981 696 3058 usqueflagitetus
706 2992 758 3050 est,
774 2984 857 3041 donec
869 2984 904 3040 ad
917 2984 1031 3042 exitium
1045 2982 1128 3040 dede-
