2575 3734
205 468 229 505 Α.
242 448 327 521 ΜΞ.)
398 458 481 501 Ltu.
502 456 674 505 XV..CAP.
695 458 736 505 37.
759 458 801 506 38.
954 454 1003 507 379

203 566 254 623 rat,
266 574 321 629 quo
330 558 484 627 conruptior
493 565 590 631 ageret,
606 559 659 613 nisi
669 575 768 629 paucos
778 558 903 629 postdies
911 561 961 614 uni
970 576 1005 615 ex

203 633 252 687 ilio
261 631 500 687 contaminatorum
509 648 599 705 grege,
611 633 656 687 cni
665 648 762 687 nomen
772 633 1002 721 Pytbagoraeiuit,

203 708 235 777 in
245 706 355 761 modum
365 703 517 760 solennium
526 708 712 779 coniugiorum
721 706 899 778 denupsrsset.
931 708 1005 763 Indi-

202 792 263 837 tum
275 781 426 852 imperatori
435 779 604 836 flammeum:
625 782 679 836 visi
688 782 821 853 auspices,
836 782 884 836 dos
894 784 1005 855 etgeni-

203 857 256 910 aiis
270 866 344 909 torus
359 862 384 909 et
398 854 467 909 iaces
480 854 628 925 nuptiales:
648 864 743 909 cuncta
752 855 1002 927 deniquespeotsta,
1050 916 1059 925 ,

203 928 674 1001 quaeetiemiuieminanoxoperit.

263 1007 304 1058 38.
324 1002 450 1075 Sequitur
460 1002 638 1069 clades,iorte,
653 1021 687 1060 an
697 1002 906 1075 doloprinoipis,
916 1005 1004 1059 incer-

203 1086 274 1143 tum,
284 1076 356 1151 (nam
366 1087 513 1150 utrumque
521 1088 639 1134 auctores
649 1078 797 1150 prodidere)
808 1078 857 1132 sed
864 1079 1001 1145 omnibus,

201 1170 275 1226 qrrae
284 1152 350 1207 huio
358 1153 420 1207 urbi
432 1169 480 1223 per
491 1152 641 1208 violentiam
652 1155 758 1226 ignium
770 1153 931 1217 acciderunt,
941 1170 1004 1226 gra·

200 1229 263 1284 vior
278 1234 358 1299 atquc
371 1229 489 1301 atrocior.
529 1228 638 1282 Initium
652 1228 683 1281 in
697 1244 727 1281 ea
740 1236 814 1298 parte
823 1226 893 1282 Circi
902 1236 1000 1293 ortum,

201 1318 275 1375 quae
293 1301 412 1357 Palatino
429 1300 572 1373 Caelioque
590 1301 727 1357 montibus
739 1305 863 1375 contigua
876 1309 930 1358 est:
940 1303 1002 1357 xubi

201 1394 252 1449 per
271 1377 407 1441 tabernas,
431 1376 532 1447 quibus
551 1375 579 1430 id
601 1376 806 1430 mercimonium
825 1378 923 1442 inerat,
947 1394 1003 1450 quo

202 1450 311 1505 flamma
322 1450 411 1516 alitur,
421 1448 503 1504 simul
514 1457 622 1521 coeptus
631 1451 704 1523 ignis
713 1457 740 1504 et
747 1451 836 1504 statim
846 1451 962 1517 validus,
972 1469 1004 1507 ao

204 1532 283 1580 vento
293 1526 372 1590 citus,
384 1524 577 1597 longitudinem
587 1525 804 1595 circioonripuitt
826 1526 920 1595 Neque
929 1527 1001 1580 enim

202 1600 301 1655 domus
310 1600 485 1653 munimentis
496 1598 642 1669 captaeve!
652 1597 751 1669 templa
760 1599 846 1652 muris
855 1598 1003 1663 cincta,aut

203 1674 273 1747 quid
282 1673 355 1729 aliud
365 1690 453 1729 morae
462 1673 640 1728 interiacebat.
673 1674 950 1745 Inpetu‘pervagatum
959 1673 1003 1727 in-

202 1748 330 1804 cendium
344 1748 424 1819 plana
436 1749 565 1820 primum,
580 1746 677 1801 deinde
688 1747 799 1802 inedita
808 1746 966 1820 adsurgens,
977 1755 1004 1801 et

201 1841 315 1879 rursum
329 1822 452 1877 inferiora
465 1822 627 1895 populando,
639 1822 732 1876 anteiit
740 1821 856 1876 remedia
866 1820 1003 1876 velocitate

202 1897 282 1963 mali,
297 1904 323 1953 et
388 1898 448 1953 oxia
462 1897 529 1951 urhe
542 1897 606 1951 artis
619 1897 761 1951 itineribus
775 1896 883 1967 hucque
898 1904 924 1950 et
935 1894 1001 1950 illuc

201 1971 292 2037 flexis,
309 1989 323 2025 a
373 1989 387 2026 s
402 1972 555 2027 enormibus
570 1972 647 2037 vicis,
662 1970 751 2043 qualis
761 1978 838 2025 vatus
847 1971 931 2026 Roma
940 1969 1000 2024 fuit.

202 2046 247 2102 Ad
257 2046 307 2107 boc
317 2046 429 2101 lamenta
437 2048 593 2117 paventium
603 2045 774 2111 feminarum,
786 2044 855 2100 fessa
865 2062 962 2100 senum
971 2060 1003 2099 ac

201 2120 281 2176 radis
290 2122 420 2192 pueritiae
429 2127 510 2184 aetas,
521 2122 625 2191 quique
633 2121 687 2175 sibi
696 2121 799 2193 quique
807 2119 869 2176 aliis
879 2118 1003 2175 eonsule-

202 2196 277 2261 bant,
298 2195 365 2250 dum
383 2194 492 2250 trahunt
509 2194 651 2260 invalidos
672 2202 718 2249 aut
733 2195 919 2265 opperiuntur,
939 2212 1002 2265 pars

202 2286 325 2335 morans,
334 2285 397 2341 pars
410 2268 549 2335 festinans,
564 2278 658 2324 cuncta
671 2269 857 2339 inpediebant:
877 2277 903 2323 et
911 2285 1000 2339 saepe,

203 2344 271 2400 dum
280 2346 310 2399 in
318 2351 423 2417 tergum
433 2351 589 2415 respectant,
602 2342 728 2399 lateribus
738 2350 783 2399 aut
793 2342 877 2398 fronte
886 2344 1003 2409 mcum-

202 2420 393 2475 veuiebantur:
411 2417 463 2483 vel,
476 2418 500 2473 si
510 2419 538 2473 in
548 2418 671 2490 proxima
680 2417 1003 2487 erasmantillisquoqus

201 2490 263 2567 igni
274 2494 416 2564 correptis,
430 2493 520 2559 etiarn,
535 2508 605 2564 quae
624 2491 770 2565 longinqua
784 2490 958 2552 crediderant,
971 2490 1001 2542 in

124 2608 125 2613 κ
202 2568 297 2623 eodem
312 2566 606 2638 casureperiebantur,
637 2567 782 2630 Postremo,
797 2564 865 2635 quid
877 2563 999 2625 vitarent,

202 2642 271 2715 quid
280 2648 399 2714 peterent
407 2639 678 2714 ambigui,oomplarc
686 2638 844 2703 vias,sterni
852 2652 999 2709 peragras:

203 2717 315 2789 quidam
330 2716 439 2771 amissis
451 2714 577 2771 omnibus
591 2712 715 2779 fortunis,
733 2712 824 2767 diurni
838 2725 946 2783 quoque
960 2710 1002 2765 vi-

205 2799 274 2856 ctus,
295 2789 341 2845 alii
354 2791 460 2845 oeritma
473 2806 599 2855 suorum,
619 2806 688 2861 quos
701 2788 803 2858 eripere
815 2786 1001 2857 nequiverant,

205 2866 330 2937 quamvis
339 2870 445 2935 patente
453 2863 559 2936 effugio,
569 2864 703 2918 interiere.
735 2862 791 2915 Nec
799 2858 1003 2932 quisquamde-

206 2937 311 2994 tendere
324 2938 447 3005 audebat,
462 2938 562 2993 crebris
574 2936 722 2995 multorum
732 2936 824 3004 minis,
837 2937 1003 3009 restinguere
