2575 3734
302 456 352 512 tit
481 492 484 501 Δ
593 460 829 508 ausanium
907 521 918 530 ἢ
1154 405 1157 500 Ι

303 569 364 633 tpna
373 573 453 633 nique
466 568 558 633 operia,
573 571 728 618 cononum
752 561 809 617 Sed
819 562 927 617 belium
934 561 1109 618 Hermundu-

304 638 344 693 ris
356 654 530 710 prosperum,
543 636 628 693 Catia
638 638 725 692 exitio
735 636 797 702 iuit‚
809 638 877 708 quin
887 635 1109 694 victores-diver-

303 731 363 769 sam
381 714 470 768 aciem
489 714 570 769 Morti
589 730 621 767 ao
640 709 777 769 Mescinio
796 728 954 776 sacravere.
975 720 1107 783 quossis

302 790 384 861 aqui,
401 790 470 853 viri,
488 796 585 843 cuneta
602 789 675 843 victa
684 787 823 843 occidioni
835 788 947 842 dantur.
972 786 1009 843 Et
1019 788 1106 843 minae

302 864 419 936 quidem
435 863 550 919 hostiles
564 866 593 917 in
609 864 686 935 ipsos
701 862 854 919 vertebant.
883 860 940 917 Sed
950 863 1053 918 civitas
1064 865 1105 918 lu-

217 963 220 968 ·
304 938 407 995 bonum
419 940 493 995 socia
504 936 593 1001 nobis,
609 938 681 993 maio
690 938 833 1009 inproviso
844 936 955 993 eonion
965 946 1019 995 est.
1040 940 1105 994 Nan

305 1016 385 1087 ignes
399 1023 471 1069 terra
485 1012 554 1068 editi
569 1012 661 1077 villas,
674 1030 748 1077 arva,
758 1014 841 1069 'vicos
855 1013 960 1085 passim
970 1014 1105 1085 conripia-

303 1090 380 1155 hant,
397 1088 610 1159 ferebanturque
624 1088 654 1142 in
667 1088 729 1159 ipsa
744 1088 872 1145 conditae
885 1104 976 1160 nuper
985 1089 1105 1144 ooloniaa

301 1164 422 1219 moenia.
454 1164 550 1235 Neque
568 1163 710 1235 exstingui
729 1171 869 1235 poterant:
894 1180 949 1219 non
964 1165 990 1217 si
1004 1164 1105 1219 imbres

303 1238 442 1301 oederent,
453 1254 507 1293 non
516 1234 679 1294 fluvialibus
689 1240 780 1310 aquis,
790 1248 838 1293 aut
845 1255 902 1312 qno
911 1238 966 1295 elio
976 1239 1102 1295 humore:

304 1313 391 1369 donec
406 1313 500 1385 inopia
515 1313 631 1369 remedii
646 1322 674 1370 et
691 1315 732 1369 ira
749 1314 838 1369 cladis
857 1322 979 1387 agrestes
992 1314 1105 1385 qnidam

305 1390 414 1444 eminus
424 1406 490 1443 saxa
500 1390 600 1454 iacere,
613 1388 687 1453 dein,
700 1389 888 1445 residentibus
901 1388 1032 1455 flammis,
1045 1406 1105 1462 pro-

303 1465 368 1535 pius
379 1464 536 1539 suggressi,
552 1465 611 1519 ictu
625 1464 742 1519 inscium
757 1465 877 1537 aliisque
890 1464 1069 1532 verberibus,
1079 1475 1106 1520 ut

304 1539 375 1595 feras
386 1539 587 1595 absterrebant:
600 1549 738 1611 postremo
747 1542 870 1613 tegmina
878 1541 987 1611 corpori
995 1540 1106 1613 derepta

304 1616 444 1680 iniiciunt,
457 1623 559 1687 quanto
574 1615 664 1687 magis
677 1614 791 1686 profana
802 1624 830 1670 et
841 1630 895 1670 usu
905 1616 1023 1687 polluta,
1035 1623 1106 1671 tanto

306 1693 394 1765 magis
407 1706 573 1762 oppressura
586 1690 677 1763 ignes.

358 1770 401 1823 58.
414 1766 519 1821 Eodem
534 1766 606 1821 anno
619 1765 793 1821 Ruminalem
803 1764 929 1820 arborem
942 1765 973 1819 in
983 1766 1103 1829 comitio,

303 1858 374 1915 quae
397 1853 482 1913 super
498 1841 671 1913 octingentos
690 1849 717 1895 et
734 1840 918 1913 quodraginta
937 1848 1002 1896 ante
1022 1858 1106 1896 annos
1155 1867 1157 1884 ι

303 1919 382 1972 Remi
395 1916 562 1988 Romulique
576 1915 723 1971 infantiam
737 1925 850 1980 texerat,
862 1916 980 1971 mortuis
995 1917 1108 1971 ramaii-

303 1992 356 2046 bus
376 2000 402 2046 et
422 1998 561 2047 arescente
580 1999 677 2046 trunco
697 1990 884 2056 deminutum,
905 1989 1031 2064 prodigii
1050 1992 1108 2047 loco

303 2067 429 2121 habiturn
440 2076 490 2131 est,
504 2066 590 2122 donec
604 2068 633 2121 in
648 2083 733 2121 novos
747 2066 818 2122 fetus
831 2068 1022 2132 reviresceret.

487 2262 489 2267 .
589 2240 817 2272 ...auae-

547 2402 724 2457 LIBER
762 2393 873 2458 XIV(

352 2628 526 2669 breviarium.
552 2626 605 2677 cap.
620 2628 639 2667 1.
656 2626 713 2666 Nero
722 2628 797 2667 matris
808 2627 895 2667 eaedem
908 2626 987 2675 agitat,
1002 2627 1108 2668 incitante

300 2694 406 2745 Poppaea.
433 2696 452 2734 2.
466 2692 585 2744 Agrippina
596 2694 704 2735 incestum
716 2696 796 2742 tantan
814 2704 842 2736 nu
853 2694 910 2735 Nero
924 2693 1014 2743 pouusr
1040 2696 1062 2735 8.
1077 2695 1108 2734 Da

302 2762 366 2799 caede
375 2762 450 2801 matris
459 2762 562 2800 deliberat
571 2759 634 2801 Nero.
650 2758 737 2800 Aniceti
746 2762 866 2801 consilium.
883 2763 904 2801 4.
912 2760 1050 2812 Agrippinas
1059 2772 1107 2802 cun

300 2826 392 2872 Nerone,
402 2826 472 2865 scelus
481 2828 571 2874 celante,
581 2828 712 2868 convivium.
734 2829 754 2867 t.
762 2828 818 2869 Mari
826 2829 941 2878 mergenda
949 2839 1014 2879 aegre
1023 2830 1105 2871 evodii.

301 2893 419 2932 Acerronia
431 2892 496 2934 remis
505 2894 624 2934 conicitur.
645 2895 665 2934 t.
678 2892 797 2945 Agrippino
809 2896 936 2937 durium
960 2899 979 2937 t.
993 2898 1055 2940 itero
1063 2902 1108 2941 ira·

209 2950 212 2957 '
300 2958 368 3009 pidet
378 2968 428 2998 eum
436 2958 506 2998 Burro
515 2964 537 2999 et
546 2959 626 3001 senece
636 2961 746 3002 deliberat.
762 2962 1107 3015 &mammutium

302 3028 392 3075 suscipit
404 3028 426 3065 st
444 3026 463 3065 8.
476 3030 592 3074 perpetrat.
615 3029 634 3067 9.
648 3026 778 3078 Agrippinae
789 3032 843 3071 viles
855 3031 977 3081 exsequiae.
1001 3034 1034 3073 lo.
1049 3034 1107 3074 Nero
