2575 3734
280 493 330 548 238
561 497 798 546 numanum
831 559 837 572 ἱ
947 489 982 564 (a.
994 509 1020 546 u.
1032 501 1083 547 811.

279 619 322 658 res
336 599 450 656 insidiae
463 599 538 654 biera
550 597 680 653 adversus
700 597 865 670 transfugam
886 605 913 652 et
929 598 1086 653 violatorem
1104 616 1116 660 ·.

280 677 351 732 fidei.
391 673 443 729 Sed
462 673 542 728 caede
559 674 619 728 eius
638 680 724 727 motae
737 672 906 727 Chaucorum
921 681 1040 738 mentes,
1061 683 1089 727 et

279 749 395 808 Corbulo
413 749 516 802 semina
536 747 688 802 rebellionis
706 747 862 818 praebebat,
883 754 914 802 ut
930 748 998 802 laeta
1013 747 1088 818 apud
1176 769 1178 826 ἑ

208 845 210 850 ·
279 825 473 900 plerosque,ita
484 822 555 894 apud
564 822 695 894 quosdam
704 822 812 875 sinistra
821 820 902 877 fama.
926 823 1087 876 Gurboatem
1177 837 1178 854 ³

280 897 411 956 conciret?
430 897 583 952 Adversum
595 899 781 965 rempublicam
790 913 901 951 casura:
911 902 954 950 sio
960 914 1089 965 prospere

279 981 383 1044 opimat,
399 974 593 1042 formidolosum
603 976 668 1038 paci
680 976 767 1025 cirum
785 975 924 1040 iucipuem,
945 981 971 1024 et
988 976 1088 1040 ipuoco

275 1052 394 1120 principi
404 1059 584 1114 prucprcncm.
625 1046 711 1118 Igitur
724 1044 854 1100 Claudius
867 1045 932 1100 adeo
946 1063 1045 1101 novam
1055 1048 1087 1102 in

280 1121 437 1180 Germanias
447 1120 505 1176 vim
514 1119 666 1190 probibuit,
679 1128 709 1174 ut
718 1119 811 1175 reierri
821 1120 953 1193 praesidia
962 1122 1002 1174 eis
1011 1121 1087 1176 Rbe-

279 1209 346 1254 num
356 1196 468 1252 iuberet.
977 1224 982 1232 ‹

333 1273 376 1328 20.
397 1271 454 1323 iam
466 1275 552 1324 castra
568 1269 598 1323 in
617 1267 709 1324 hostili
728 1268 784 1324 solo
803 1268 923 1324 molienti
937 1269 1086 1325 Corbuloni
1176 1317 1178 1336 Ξ

278 1361 324 1401 eae
343 1345 445 1399 litterae
463 1343 620 1398 redduntur.
660 1343 722 1409 ille,
743 1361 773 1398 re
790 1345 894 1409 subita,
915 1361 1086 1417 quamquam

279 1419 363 1475 multa
373 1417 456 1473 simul
466 1417 678 1484 effunderentur,
690 1426 779 1474 metus
788 1437 822 1474 ex
831 1421 1002 1490 imperatore,
1019 1436 1086 1475 oon-
1176 1443 1178 1452 ·

278 1494 388 1564 temptio
397 1510 431 1548 ex
439 1493 570 1557 barbarie,
582 1491 731 1547 ludibrium
741 1494 814 1567 apud
824 1497 918 1565 socios,
930 1494 998 1549 nibil
1008 1493 1086 1550 aliud

277 1569 448 1640 prolocutum
461 1583 544 1640 quam
559 1571 644 1622 beatos
658 1573 787 1636 querculum
796 1573 875 1623 duces
885 1570 1026 1624 Roruuaosl
1046 1571 1086 1624 si·
1176 1631 1178 1638 ¹

277 1661 363 1718 gnum
378 1644 496 1714 receptui
509 1641 590 1696 dedit.
630 1643 664 1697 Ut
677 1647 766 1697 tamen
779 1643 858 1697 miles
868 1644 956 1698 otium¹
963 1655 1084 1710 exueret,
1176 1645 1178 1712 ἕ

277 1720 346 1774 iuter
355 1719 457 1776 Mosam
468 1717 648 1790 Rhenumque
656 1718 740 1772 trium
750 1727 776 1772 et
785 1719 882 1791 viginti
892 1718 1010 1773 millium
1020 1736 1086 1791 spa-

277 1796 314 1850 tio
333 1793 432 1850 iossam
451 1793 590 1865 perduxit,
612 1809 667 1865 qua
685 1792 785 1847 incerta
802 1792 901 1847 Oceani
918 1801 1083 1850 vetarentur.
1176 1855 1178 1864 Ι

276 1871 396 1943 iusignia
407 1877 496 1924 tamen
506 1867 638 1944 triumphi
648 1866 761 1922 indulsit
771 1867 876 1932 Caesar,
888 1869 1015 1940 (1111111111
1025 1868 1087 1924 bel-

277 1943 335 1999 lum
350 1945 510 2016 negavisset.
550 1943 605 1996 Neo
618 1942 704 1998 multo
717 1951 778 2014 post
790 1943 900 1998 Curtius
914 1943 1001 1998 liuius
1015 1961 1086 1999 eun-

276 2019 338 2073 dem
348 2019 476 2073 honorem
486 2015 657 2089 adipiscitur,
675 2017 767 2090 quiin
781 2035 844 2092 agro
858 2018 979 2074 Mattiaco
994 2018 1085 2074 111111-
1176 2013 1178 2034 '

153 2139 154 2143 ,
276 2101 347 2147 serat
355 2109 451 2164 specus
462 2091 622 2164 quaerendis
632 2094 710 2148 venis
719 2093 918 2166 argenti3unde
927 2092 1085 2149 tenuisiru·
1176 2147 1178 2160 ⁴

187 2197 188 2201 κ
276 2173 351 2231 otus,
373 2183 422 2221 neo
436 2167 465 2221 in
482 2167 594 2240 longum
609 2165 674 2223 iuit:
695 2176 722 2222 at
737 2166 887 2241 legionibus
902 2185 965 2222 cum
982 2167 1084 2224 damno
1177 2163 1178 2172 ’

277 2240 360 2306 labor,
371 2241 482 2296 effodere
491 2243 573 2308 rivos,
585 2259 709 2315 quaeque
717 2244 747 2298 in
757 2251 846 2314 aperto
854 2242 1082 2316 gravia‚humum
1177 2283 1178 2308 3

275 2314 346 2370 inira
356 2315 454 2370 moliri.
494 2314 562 2382 Quis
572 2317 700 2372 subactus
709 2316 803 2378 miles,
818 2325 845 2371 11
856 2318 921 2389 quia
930 2317 1023 2389 plures
1032 2335 1083 2389 per
1176 2321 1178 2328 ‘

275 2390 426 2461 provincias
437 2390 537 2444 similia
549 2390 742 2464 tolerabantur,
759 2393 894 2463 componit
906 2390 1022 2447 occultas
1036 2393 1083 2448 lit-

275 2473 359 2528 teras,
376 2465 484 2520 nomine
498 2465 679 2530 exercituum,
699 2468 866 2535 precantium
881 2467 1080 2538 imperatorem,

276 2549 313 2604 ut,
326 2543 417 2609 quibrca
426 2543 602 2610 permissurus
611 2552 676 2595 esset
685 2549 829 2606 1111111111,
840 2544 1010 2611 triumphalia
1020 2552 1083 2598 cute

278 2619 409 2669 tribueret.
573 2621 577 2630 “

331 2693 374 2745 21.
395 2691 432 2743 Ι)1
445 2687 549 2763 origine
562 2687 648 2744 Curtii
665 2687 740 2753 nuti,
756 2706 837 2760 quem
851 2692 995 2765 gladiatore
1002 2693 1097 2766 geni·

276 2769 335 2818 tum
350 2763 461 2834 quidam
475 2764 614 2834 prodidere
621 2805 632 2834 ‚v
649 2779 738 2836 neque
756 2763 822 2819 falsa
840 2768 1032 2838 prompserim
1055 2775 1083 2838 et
1176 2779 1178 2796 ¹

276 2849 339 2892 vera
349 2839 461 2909 exsequi
471 2838 562 2909 pudet.
583 2839 728 2894 Postuuam
738 2838 861 2905 adolevit,
873 2849 984 2896 sectator
996 2859 1082 2914 quae-

276 2911 369 2977 storis,
385 2912 430 2966 cui
439 2908 527 2965 Africa
541 2913 684 2987 obtigerat,
699 2913 765 2968 dum
779 2915 809 2968 in
824 2915 922 2987 oppido
933 2915 1083 2974 Adrumeto

278 2987 371 3042 vacuis
381 3003 429 3058 per
439 2985 559 3042 medium
569 2987 622 3042 diei
633 2988 779 3059 porticibus
789 2997 906 3045 secretus
920 2991 1015 3063 agitat,
1032 2991 1082 3047 ob-
