2575 3734
268 463 317 517 tea
479 494 483 503 -
548 451 809 516 insaniun-
930 460 1086 533 (auam.

266 571 355 642 petitis
374 567 518 641 exemplis:
547 585 630 637 morae
647 573 716 622 anim
732 585 855 636 amquam
869 571 1007 638 socialibus
1024 573 1087 626 lma

268 649 409 699 maiestatis
421 649 510 714 subse.
548 644 611 696 Ideo
619 643 774 711 Aupustoles
790 646 911 707 adiectos,
928 649 993 712 quia
1002 662 1088 713 pro-

264 721 696 788 primasiusdomussocerdottam
705 725 831 785 osseam
841 723 1088 786 quaootopersot-

267 802 500 938 WMMstaqui
508 866 653 920 sententias
661 865 733 920 haud
743 864 859 932 institui,
869 867 923 920 nisi
932 866 1083 940 insignes,

268 943 481 1015 perhonestum,
497 948 544 994 aut
557 939 666 996 notabili
680 939 819 996 dedecore:
841 941 912 1012 quod
926 943 1086 1013 praecipu-

268 1036 317 1072 um
326 1033 428 1071 munus
436 1013 576 1069 annalium
588 1032 656 1080 reor,
671 1031 704 1070 ne
714 1015 825 1070 virtutes
834 1014 973 1081 sileantur,
985 1023 1085 1088 utque
1165 1033 1166 1036 ’

268 1092 359 1164 pravis
372 1090 453 1144 dictis
470 1088 600 1162 lactisque
612 1107 647 1144 er
658 1090 808 1160 posteritate
823 1097 848 1144 et
857 1089 969 1144 infamia
979 1101 1084 1146 metus

269 1168 314 1221 sit.
353 1162 477 1220 Ceterum
494 1171 613 1235 tempora
631 1163 678 1218 Mla
692 1165 756 1219 adeo
770 1163 864 1219 inlecta
879 1172 906 1220 et
917 1164 1084 1222 adulatione

270 1239 375 1296 sordida
390 1237 474 1304 fuere,
488 1246 519 1293 ut
528 1256 581 1294 non
593 1239 672 1294 modo
685 1239 815 1310 primores
826 1241 950 1304 civitatis,
965 1240 1082 1312 quibus

269 1312 398 1369 claritudo
415 1329 466 1368 sua
484 1313 621 1385 obsequiis
639 1313 799 1386 protegenda
819 1324 888 1380 erate
908 1314 956 1368 sed
974 1332 1082 1370 ornnes

269 1387 432 1452 musulanos,
453 1404 549 1462 magna
570 1398 639 1459 pars
654 1405 756 1453 eorum,
773 1389 822 1460 qui
833 1396 957 1460 praetura
971 1387 1080 1455 functi,

270 1462 404 1535 multique
411 1463 492 1517 etiam
500 1462 603 1534 pedarii
611 1471 743 1518 senatores
754 1464 872 1518 certatim
883 1473 1079 1538 exsurgerent,

271 1537 400 1610 foedaque
409 1545 435 1592 et
446 1537 530 1592 nimia
544 1543 690 1592 censerent.
729 1539 871 1594 Memoriae
880 1539 1012 1610 proditur,
1024 1540 1082 1595 Ti·
1165 1605 1166 1610 ἵ

270 1614 386 1679 berlum,
401 1613 524 1686 quotiens
540 1613 613 1666 ouria
629 1611 805 1686 egrederetur,
822 1613 929 1668 Graecis
939 1614 1031 1668 verbis
1042 1616 1079 1670 in

270 1689 344 1743 hunc
357 1687 467 1748 modum
481 1686 571 1759 eloqui
583 1685 702 1752 solitum,
719 1707 734 1741 o
748 1692 860 1744 bootem
873 1692 909 1742 ad
920 1694 1080 1744 seruitutem

267 1766 393 1833 paratos!
410 1762 525 1828 Scilicet,
531 1763 610 1817 etiam
618 1760 709 1827 illum,
717 1763 765 1835 qui
775 1762 921 1818 libertatem
930 1762 1077 1835 publicam
1165 1831 1166 1834 Ἴ

272 1837 749 1910 nollet,tamprciectaesarviontium
759 1838 1039 1909 patientiaetaedebat.
1165 1855 1166 1894 3

326 1917 369 1967 66.
389 1912 531 1969 Paullatim
540 1912 678 1968 dehincab
691 1912 822 1976 indecoris
834 1912 868 1966 ad
877 1911 972 1966 infesta
982 1920 1079 1970 traus-
1165 1937 1166 1962 l

271 1987 468 2060 grediebantur.
508 1987 538 2041 C.
553 1985 684 2052 Silanum,
695 1979 880 2059 proconsulem
891 1985 980 2052 Asiae,
993 2002 1078 2060 repe-
1165 2037 1166 2042 ,

272 2061 417 2116 tundarum
436 2079 452 2118 a
471 2062 551 2116 sociis
569 2061 743 2132 postulatum,
759 2063 909 2117 Mamercus
926 2061 1045 2116 Scaurus
1058 2081 1078 2118 e
1165 2065 1166 2068 ’

272 2135 467 2200 consularibus,
478 2135 572 2191 lunius
582 2135 651 2190 Otho
660 2144 777 2208 praetor,
789 2136 925 2192 Brutidius
934 2137 1077 2210 Nigenae-

272 2210 346 2275 dilis,
357 2209 440 2264 simul
448 2211 604 2280 corripiunt,
614 2211 799 2282 obiectantque
812 2210 939 2266 violatum
952 2211 1076 2285 Augusti

246 2311 257 2335 ι
273 2301 384 2348 numen,
398 2292 513 2355 spretam
523 2284 622 2338 Tiberii
631 2285 809 2340 maiestatem:
831 2287 990 2351 Mamercus,
1001 2288 1076 2341 anti·
1165 2319 1166 2330 .

273 2376 328 2490 guerra
346 2357 467 2430 exempla
485 2358 594 2423 iaciens,
614 2359 646 2412 L.
663 2358 790 2414 Cottama
803 2359 925 2431 Scipione
934 2360 1072 2428 Africano,

342 2432 455 2490 Galbam
463 2450 479 2488 a
488 2431 586 2488 Catone
593 2434 723 2498 censorio,
734 2434 764 2489 P.
774 2434 905 2490 Rutilium
915 2453 931 2490 a
940 2436 977 2491 M.
988 2435 1075 2492 Scau-
1165 2455 1166 2462 ¹

273 2497 457 2565 rcacousatos.
489 2507 618 2565 Videlicet
625 2507 715 2580 Scipio
727 2516 752 2564 et
761 2509 824 2566 Cato
834 2509 895 2566 talia
904 2510 1076 2567 ulcisceban-

274 2593 327 2651 tur,
342 2596 389 2640 aut
400 2583 448 2639 ille
457 2581 583 2648 Scaeuae,
594 2600 676 2656 quem
686 2600 815 2655 proavum
827 2601 919 2650 suum,
931 2585 1074 2658 opprobri-

274 2671 322 2715 um
342 2662 474 2716 maiorum
492 2659 642 2716 Mamercus
660 2657 755 2716 infami
773 2677 852 2732 opera
870 2659 1071 2716 dehonestabat.
1165 2717 1166 2726 ,

274 2736 351 2790 lunio
360 2733 458 2791 Othoni
468 2734 624 2790 litterarium
633 2733 730 2790 ludum
739 2741 941 2792 exercerevetus
951 2752 994 2790 ars
1005 2733 1071 2792 luit:

275 2826 339 2865 mox
347 2808 436 2865 Seiani
445 2809 561 2881 potentia
569 2817 684 2875 senator,
698 2809 811 2866 obscura
820 2805 897 2864 initia
906 2809 1075 2882 impudenti-

274 2885 327 2940 bus
345 2885 420 2938 ausis
436 2883 608 2956 propellebat.
647 2884 811 2950 Brutidium,
828 2885 933 2938 artibus
952 2884 1074 2944 honestis

275 2961 423 3031 copiosum,
444 2967 479 3025 at,
499 2959 524 3014 si
542 2967 643 3015 rectum
660 2961 708 3015 iter
721 2968 850 3033 pergeret,
871 2959 905 3012 ad
923 2957 1072 3014 clarissima
