2575 3734
303 494 352 549 tot
442 512 445 515 ·
561 498 812 556 ,iuuenum
962 490 1090 564 (anam.

299 618 383 677 genu,
399 608 428 657 et
438 607 542 657 ooetum
553 598 633 655 ilium
646 616 730 655 manu
741 604 892 664 veneratus,
902 601 1048 656 mnteutias
1057 603 1097 657 in-

297 678 393 735 dicum
402 675 587 751 opperiebatur
597 674 657 731 ficto
665 688 772 746 pavere.
802 672 837 729 Et
845 673 922 745 plebs
931 673 1043 746 quidem
1053 694 1096 730 ur·

302 751 357 817 bis,
370 750 531 807 histrionum
545 766 655 821 quoque
665 755 758 823 gestus
771 748 863 802 iuvare
876 748 962 815 solita,
973 765 1097 821 persona-

301 826 348 883 bet
360 825 438 881 eertis
451 824 538 881 modis
552 824 704 896 plausuque
716 822 869 894 oomposito.
909 822 1037 880 Crederes
1046 824 1096 879 lae

301 901 365 957 tari:
397 917 427 956 ae
448 898 558 956 fortasse
576 898 754 962 laetabantur,
780 914 828 969 per
846 897 980 953 incuriam
997 898 1097 969 pubiioi

355 975 405 1031 itii.

303 974 383 1107 flagi.
404 1046 457 1105 Sed
469 1048 518 1119 qui
532 1046 639 1102 remotis
651 1063 666 1101 e
680 1046 846 1117 municipiis,
863 1062 1041 1119 severamque
1054 1048 1097 1104 ad

302 1124 357 1181 bue
374 1130 400 1181 et
418 1123 521 1193 antiqui
535 1120 617 1177 moris
631 1121 774 1178 retinentes
785 1120 895 1187 italiam,
918 1122 1035 1194 quique,
1053 1140 1097 1194 per

302 1198 395 1271 longas
412 1196 573 1268 provincias,
594 1192 720 1251 lasciviae
733 1196 874 1267 inexperti,
894 1192 1097 1271 officiolegatio

302 1291 370 1331 num
379 1278 425 1327 aut
433 1270 535 1343 privata
544 1268 657 1327 utilitate
665 1270 835 1336 advenerant,
846 1286 935 1341 neque
942 1269 1096 1343 adspectum

300 1347 381 1404 illum
395 1344 515 1410 tolerare,
531 1362 618 1417 neque
631 1343 716 1401 labori
730 1342 1017 1401 inhonestosufiieore:
1037 1363 1096 1401 eun

301 1420 429 1479 manibus
439 1420 537 1476 nesciis
546 1418 704 1484 fatiscerent,
718 1419 855 1475 turbarent
861 1436 969 1493 gnaros,
981 1436 1013 1475 ao
1021 1438 1098 1493 saepe

302 1514 318 1556 a
330 1495 463 1553 militibus
477 1494 687 1559 verberarentur,
703 1494 753 1566 qui
766 1510 814 1565 per
828 1509 926 1551 cameos
939 1492 1056 1562 stabant,
1066 1512 1097 1551 ne

301 1570 376 1644 quod
388 1569 516 1645 temporie
530 1576 695 1627 momentum
709 1568 797 1639 inpari
810 1566 925 1625 elamore
937 1577 984 1625 aut
994 1568 1098 1625 silentio
1152 1591 1153 1594 ¹

302 1644 547 1721 aegnipraeteriret.
587 1632 721 1709 Constitit,
734 1642 877 1715 plerosque
890 1644 1097 1715 equitum,rium
1152 1637 1153 1644 '

301 1738 350 1794 per
364 1721 501 1797 angustias
515 1718 603 1776 editus
617 1719 683 1774 etin
716 1725 824 1775 nentem
832 1716 1037 1775 multitudinem
1044 1720 1099 1775 eui-

302 1804 407 1861 tuntur,
420 1794 540 1860 obtritos,
554 1802 580 1849 et
593 1792 670 1859 elios,
701 1810 750 1849 um
759 1792 832 1850 diem
841 1800 1001 1867 noctemque
1010 1794 1100 1852 sediti-

301 1872 354 1927 bue
372 1870 537 1935 ooutiuuaut,
556 1868 650 1925 morbo
667 1867 799 1924 exitiabili
807 1876 953 1939 oonreptoa.
994 1867 1100 1941 Quippe

301 1947 408 2020 gravior
421 1945 506 2001 inerat
518 1950 616 2009 metus,
631 1943 657 1999 ei
668 1941 818 2015 spectaculo
834 1941 991 2007 defuissent,
1007 1944 1100 2002 multis
1152 1967 1153 1974 ¹

301 2020 401 2094 palent,
415 2031 442 2076 et
451 2017 578 2091 pluribus
590 2016 712 2083 occultis,
725 2026 758 2074 -ut
771 2018 879 2075 uomina
892 2034 923 2073 ao
931 2016 1037 2084 vuitus,
1048 2018 1101 2074 nla-

301 2097 420 2151 critatem
430 2094 617 2166 tristitiamque
626 2093 791 2158 coeuntium,
801 2099 991 2149 murenam.
1025 2092 1101 2149 Unde

301 2168 469 2225 tenuioribus
483 2169 705 2242 stetiminrogata
717 2166 861 2239 supplicia,
883 2166 1014 2223 adversus
1028 2166 1101 2223 inlu·

302 2240 1098 2317 streedieeineulatumadpraesensetmoxredditumedium.

301 2318 484 2390 Ferebantque
497 2320 690 2387 Vespasianum,
705 2327 933 2388 tnmqaomeomoo
943 2322 1099 2381 mmtveret,

301 2414 319 2450 a
328 2394 424 2448 Phoebo
435 2395 526 2449 liberte
534 2398 697 2463 increpitum,
702 2408 828 2463 aepreque
834 2388 1101 2463 pectorepectore

301 2474 440 2525 obtectum:
459 2484 521 2523 uteo
533 2470 698 2525 iuuentutem
702 2471 846 2539 perniciem
859 2472 957 2523 maiore
967 2472 1027 2538 teto
1035 2474 1102 2540 effu-

300 2549 376 2615 pisae.

356 2622 381 2675 6.
404 2618 464 2673 Post
476 2616 557 2673 finem
572 2614 682 2683 ludiori,
697 2618 817 2691 Poppaea
830 2623 943 2673 mortem
955 2615 1038 2684 obiit,
1052 2616 1102 2673 ior-

301 2696 368 2749 tuita
381 2694 470 2749 mariti
478 2690 626 2756 iracundie,
637 2708 717 2764 aquo
724 2692 835 2767 gravida
844 2692 899 2747 ietu
906 2690 988 2748 caleis
998 2690 1101 2749 adflicta

301 2776 351 2820 est.
390 2768 485 2838 Neque
496 2767 568 2823 enim
578 2783 712 2823 venenum
724 2766 892 2833 crediderim,
901 2768 1033 2839 quamuis
1041 2767 1103 2841 qui-

301 2840 364 2895 dem
385 2842 524 2911 scriptores
542 2841 658 2907 tradent,
675 2842 736 2898 odio
755 2842 856 2916 magis,
877 2858 960 2915 quana
980 2858 1016 2897 ex
1035 2841 1101 2897 fide:

302 2916 405 2987 quippe
423 2912 569 2973 liberorum
587 2916 699 2988 cupiens
717 2924 742 2972 et
760 2918 845 2973 amori
859 2917 952 2972 uxoris
964 2914 1103 2972 obnoxius

303 2996 367 3054 erat.
407 2986 508 3060 Corpus
528 3007 580 3045 non
600 2991 659 3063 igni
672 2991 811 3058 abolitum,
829 3000 860 3048 ut
872 2991 1011 3049 Romanus
1025 3008 1101 3055 mos,
