<?xml version="1.0" encoding="UTF-8"?>
<!DOCTYPE html PUBLIC "-//W3C//DTD XHTML 1.0 Transitional//EN"
    "http://www.w3.org/TR/xhtml1/DTD/xhtml1-transitional.dtd">
<html xmlns="http://www.w3.org/1999/xhtml" xml:lang="en" lang="en">
 <head>
  <title>
</title>
<meta http-equiv="Content-Type" content="text/html;charset=utf-8" />
  <meta name='ocr-system' content='tesseract 3.04.00' />
  <meta name='ocr-capabilities' content='ocr_page ocr_carea ocr_par ocr_line ocrx_word'/>
</head>
<body>
  <div class='ocr_page' id='page_1' title='image "./operaquoadextan02tacigoog_0288.png"; bbox 0 0 2575 3734; ppageno 0'>
   <div class='ocr_carea' id='block_1_1' title="bbox 276 469 1133 543">
    <p class='ocr_par' dir='ltr' id='par_1_1' title="bbox 276 469 1133 543">
     <span class='ocr_line' id='line_1_1' title="bbox 276 469 1133 543; baseline -0.007 -14"><span class='ocrx_word' id='word_1_1' title='bbox 276 471 326 530; x_wconf 74' lang='lat'><strong>280</strong></span> <span class='ocrx_word' id='word_1_2' title='bbox 555 477 830 536; x_wconf 31' lang='lat' dir='ltr'><strong>bittinum,</strong></span> <span class='ocrx_word' id='word_1_3' title='bbox 938 469 1073 543; x_wconf 59' lang='lat' dir='ltr'><strong>(auam.</strong></span> <span class='ocrx_word' id='word_1_4' title='bbox 1129 490 1133 502; x_wconf 94' lang='lat'><em>·</em></span> 
     </span>
    </p>
   </div>
   <div class='ocr_carea' id='block_1_2' title="bbox 276 576 1075 721">
    <p class='ocr_par' dir='ltr' id='par_1_2' title="bbox 276 576 1075 721">
     <span class='ocr_line' id='line_1_2' title="bbox 331 576 1075 650; baseline 0 -16"><span class='ocrx_word' id='word_1_5' title='bbox 331 581 373 634; x_wconf 84' lang='grc'><strong>60.</strong></span> <span class='ocrx_word' id='word_1_6' title='bbox 386 577 772 650; x_wconf 83' lang='lat' dir='ltr'><strong>Eadamannoeaepiusaudita</strong></span> <span class='ocrx_word' id='word_1_7' title='bbox 779 576 1075 650; x_wconf 66' lang='lat' dir='ltr'><strong>mxpriudpispm</strong></span> 
     </span>
     <span class='ocr_line' id='line_1_3' title="bbox 276 656 1072 721; baseline -0.001 -12"><span class='ocrx_word' id='word_1_8' title='bbox 276 659 328 710; x_wconf 83' lang='lat' dir='ltr'><strong>aim</strong></span> <span class='ocrx_word' id='word_1_9' title='bbox 336 671 424 709; x_wconf 74' lang='lat' dir='ltr'><strong>amm</strong></span> <span class='ocrx_word' id='word_1_10' title='bbox 433 657 573 708; x_wconf 75' lang='lat' dir='ltr'><strong>debendam</strong></span> <span class='ocrx_word' id='word_1_11' title='bbox 581 671 599 707; x_wconf 88' lang='lat' dir='ltr'><strong>a</strong></span> <span class='ocrx_word' id='word_1_12' title='bbox 606 656 880 721; x_wconf 62' lang='lat' dir='ltr'><strong>moeuratort&#39;buaaoa&#39;a</strong></span> <span class='ocrx_word' id='word_1_13' title='bbox 886 658 1072 717; x_wconf 70' lang='lat' dir='ltr'><strong>iudicatorum,</strong></span> 
     </span>
    </p>
   </div>
   <div class='ocr_carea' id='block_1_3' title="bbox 276 725 1075 816">
    <p class='ocr_par' dir='ltr' id='par_1_3' title="bbox 276 725 1075 816">
     <span class='ocr_line' id='line_1_4' title="bbox 276 725 1075 816; baseline 0.003 -32"><span class='ocrx_word' id='word_1_14' title='bbox 276 731 405 798; x_wconf 67' lang='lat' dir='ltr'><strong>mataps·</strong></span> <span class='ocrx_word' id='word_1_15' title='bbox 413 733 552 786; x_wconf 72' lang='lat' dir='ltr'><strong>statuisset.</strong></span> <span class='ocrx_word' id='word_1_16' title='bbox 592 725 802 800; x_wconf 71' lang='lat' dir='ltr'><strong>Ao,poiortrrito</strong></span> <span class='ocrx_word' id='word_1_17' title='bbox 813 726 887 800; x_wconf 90' lang='lat' dir='ltr'><strong>prola</strong></span> <span class='ocrx_word' id='word_1_18' title='bbox 921 726 1075 816; x_wconf 77' lang='lat' dir='ltr'><strong>qsvidore·</strong></span> 
     </span>
    </p>
   </div>
   <div class='ocr_carea' id='block_1_4' title="bbox 276 744 1146 1250">
    <p class='ocr_par' dir='ltr' id='par_1_4' title="bbox 276 744 1146 1250">
     <span class='ocr_line' id='line_1_5' title="bbox 276 744 1072 875; baseline -0.003 -15"><span class='ocrx_word' id='word_1_19' title='bbox 276 810 334 869; x_wconf 84' lang='lat' dir='ltr'><strong>tur,</strong></span> <span class='ocrx_word' id='word_1_20' title='bbox 350 809 458 859; x_wconf 83' lang='lat' dir='ltr'><strong>senatus</strong></span> <span class='ocrx_word' id='word_1_21' title='bbox 473 817 582 875; x_wconf 89' lang='lat' dir='ltr'><strong>quoque</strong></span> <span class='ocrx_word' id='word_1_22' title='bbox 594 799 716 858; x_wconf 75' lang='lat' dir='ltr'><strong>consulto</strong></span> <span class='ocrx_word' id='word_1_23' title='bbox 729 809 852 868; x_wconf 79' lang='lat' dir='ltr'><strong>mutum,</strong></span> <span class='ocrx_word' id='word_1_24' title='bbox 869 744 977 874; x_wconf 47' lang='lat' dir='ltr'><strong>pbmus</strong></span> <span class='ocrx_word' id='word_1_25' title='bbox 987 818 1072 874; x_wconf 84' lang='lat' dir='ltr'><strong>quam</strong></span> 
     </span>
     <span class='ocr_line' id='line_1_6' title="bbox 277 875 1146 953; baseline -0.001 -19"><span class='ocrx_word' id='word_1_26' title='bbox 277 885 351 934; x_wconf 85' lang='lat' dir='ltr'><strong>antea</strong></span> <span class='ocrx_word' id='word_1_27' title='bbox 364 886 389 933; x_wconf 88' lang='lat' dir='ltr'><strong>et</strong></span> <span class='ocrx_word' id='word_1_28' title='bbox 402 877 521 933; x_wconf 77' lang='lat' dir='ltr'><strong>uberius.</strong></span> <span class='ocrx_word' id='word_1_29' title='bbox 560 877 627 932; x_wconf 90' lang='lat' dir='ltr'><strong>Nam</strong></span> <span class='ocrx_word' id='word_1_30' title='bbox 642 877 670 932; x_wconf 90' lang='lat' dir='ltr'><strong>d.</strong></span> <span class='ocrx_word' id='word_1_31' title='bbox 685 875 839 953; x_wconf 76' lang='lat' dir='ltr'><strong>Augustus,</strong></span> <span class='ocrx_word' id='word_1_32' title='bbox 850 881 921 945; x_wconf 81' lang='lat' dir='ltr'><strong>apud</strong></span> <span class='ocrx_word' id='word_1_33' title='bbox 934 887 1072 947; x_wconf 78' lang='lat' dir='ltr'><strong>oquaatm,</strong></span> <span class='ocrx_word' id='word_1_34' title='bbox 1145 914 1146 917; x_wconf 56' lang='lat'><em>=</em></span> 
     </span>
     <span class='ocr_line' id='line_1_7' title="bbox 277 951 1073 1023; baseline -0.001 -15"><span class='ocrx_word' id='word_1_35' title='bbox 277 958 323 1023; x_wconf 78' lang='lat' dir='ltr'><strong>qua·</strong></span> <span class='ocrx_word' id='word_1_36' title='bbox 334 951 446 1022; x_wconf 60' lang='lat' dir='ltr'><strong>lappa</strong></span> <span class='ocrx_word' id='word_1_37' title='bbox 458 955 648 1020; x_wconf 57' lang='lat' dir='ltr'><strong>moderaret,</strong></span> <span class='ocrx_word' id='word_1_38' title='bbox 668 954 722 1022; x_wconf 74' lang='lat' dir='ltr'><strong>lopo</strong></span> <span class='ocrx_word' id='word_1_39' title='bbox 735 956 794 1022; x_wconf 76' lang='lat' dir='ltr'><strong>apl,</strong></span> <span class='ocrx_word' id='word_1_40' title='bbox 813 955 967 1021; x_wconf 62' lang='lat' dir='ltr'><strong>moremque</strong></span> <span class='ocrx_word' id='word_1_41' title='bbox 984 969 1073 1007; x_wconf 70' lang='lat' dir='ltr'><strong>aarum</strong></span> 
     </span>
     <span class='ocr_line' id='line_1_8' title="bbox 276 1026 1073 1096; baseline -0.001 -15"><span class='ocrx_word' id='word_1_42' title='bbox 276 1031 382 1096; x_wconf 66' lang='lat' dir='ltr'><strong>perinde</strong></span> <span class='ocrx_word' id='word_1_43' title='bbox 391 1029 480 1081; x_wconf 70' lang='lat' dir='ltr'><strong>taoni</strong></span> <span class='ocrx_word' id='word_1_44' title='bbox 488 1026 615 1091; x_wconf 81' lang='lat' dir='ltr'><strong>iusserat,</strong></span> <span class='ocrx_word' id='word_1_45' title='bbox 630 1045 664 1080; x_wconf 86' lang='lat' dir='ltr'><strong>aa</strong></span> <span class='ocrx_word' id='word_1_46' title='bbox 677 1032 703 1082; x_wconf 79' lang='lat' dir='ltr'><strong>ai</strong></span> <span class='ocrx_word' id='word_1_47' title='bbox 711 1031 879 1096; x_wconf 64' lang='lat' dir='ltr'><strong>magistratus</strong></span> <span class='ocrx_word' id='word_1_48' title='bbox 888 1027 999 1080; x_wconf 66' lang='lat' dir='ltr'><strong>lionam·</strong></span> <span class='ocrx_word' id='word_1_49' title='bbox 1010 1044 1073 1080; x_wconf 76' lang='lat' dir='ltr'><strong>aaa·</strong></span> 
     </span>
     <span class='ocr_line' id='line_1_9' title="bbox 276 1098 1075 1174; baseline -0.001 -17"><span class='ocrx_word' id='word_1_50' title='bbox 276 1106 431 1157; x_wconf 79' lang='lat' dir='ltr'><strong>atituisaent:</strong></span> <span class='ocrx_word' id='word_1_51' title='bbox 451 1115 514 1155; x_wconf 86' lang='lat' dir='ltr'><strong>mox</strong></span> <span class='ocrx_word' id='word_1_52' title='bbox 522 1098 587 1154; x_wconf 89' lang='lat' dir='ltr'><strong>alias</strong></span> <span class='ocrx_word' id='word_1_53' title='bbox 597 1117 645 1171; x_wconf 86' lang='lat' dir='ltr'><strong>per</strong></span> <span class='ocrx_word' id='word_1_54' title='bbox 654 1101 819 1172; x_wconf 78' lang='lat' dir='ltr'><strong>provincias,</strong></span> <span class='ocrx_word' id='word_1_55' title='bbox 834 1108 860 1156; x_wconf 89' lang='lat' dir='ltr'><strong>et</strong></span> <span class='ocrx_word' id='word_1_56' title='bbox 871 1100 901 1156; x_wconf 91' lang='lat' dir='ltr'><strong>in</strong></span> <span class='ocrx_word' id='word_1_57' title='bbox 910 1100 978 1174; x_wconf 85' lang='lat' dir='ltr'><strong>urba</strong></span> <span class='ocrx_word' id='word_1_58' title='bbox 985 1100 1075 1173; x_wconf 71' lang='lat' dir='ltr'><strong>pleep-</strong></span> 
     </span>
     <span class='ocr_line' id='line_1_10' title="bbox 277 1174 1073 1250; baseline 0.001 -20"><span class='ocrx_word' id='word_1_59' title='bbox 277 1191 460 1250; x_wconf 88' lang='lat' dir='ltr'><strong>quooonoessa</strong></span> <span class='ocrx_word' id='word_1_60' title='bbox 475 1181 551 1240; x_wconf 87' lang='lat' dir='ltr'><strong>sunt,</strong></span> <span class='ocrx_word' id='word_1_61' title='bbox 566 1192 635 1248; x_wconf 81' lang='lat' dir='ltr'><strong>quae</strong></span> <span class='ocrx_word' id='word_1_62' title='bbox 650 1174 912 1248; x_wconf 85' lang='lat' dir='ltr'><strong>olimapraetoribus</strong></span> <span class='ocrx_word' id='word_1_63' title='bbox 927 1175 1073 1233; x_wconf 77' lang='lat' dir='ltr'><strong>nosceban-</strong></span> 
     </span>
    </p>
   </div>
   <div class='ocr_carea' id='block_1_5' title="bbox 277 1245 1155 1562">
    <p class='ocr_par' dir='ltr' id='par_1_5' title="bbox 277 1245 1155 1562">
     <span class='ocr_line' id='line_1_11' title="bbox 277 1245 1074 1322; baseline 0.006 -18"><span class='ocrx_word' id='word_1_64' title='bbox 277 1260 329 1305; x_wconf 85' lang='lat' dir='ltr'><strong>tur.</strong></span> <span class='ocrx_word' id='word_1_65' title='bbox 368 1245 496 1304; x_wconf 86' lang='lat' dir='ltr'><strong>Claudius</strong></span> <span class='ocrx_word' id='word_1_66' title='bbox 508 1265 587 1305; x_wconf 88' lang='lat' dir='ltr'><strong>omna</strong></span> <span class='ocrx_word' id='word_1_67' title='bbox 600 1251 644 1306; x_wconf 90' lang='lat' dir='ltr'><strong>ins</strong></span> <span class='ocrx_word' id='word_1_68' title='bbox 658 1249 778 1316; x_wconf 86' lang='lat' dir='ltr'><strong>tradidit,</strong></span> <span class='ocrx_word' id='word_1_69' title='bbox 793 1248 991 1322; x_wconf 80' lang='lat' dir='ltr'><strong>daquototiona</strong></span> <span class='ocrx_word' id='word_1_70' title='bbox 1000 1251 1074 1308; x_wconf 84' lang='lat' dir='ltr'><strong>sedi-</strong></span> 
     </span>
     <span class='ocr_line' id='line_1_12' title="bbox 277 1322 1073 1398; baseline 0.001 -19"><span class='ocrx_word' id='word_1_71' title='bbox 277 1325 346 1379; x_wconf 82' lang='lat' dir='ltr'><strong>tione</strong></span> <span class='ocrx_word' id='word_1_72' title='bbox 354 1332 400 1379; x_wconf 89' lang='lat' dir='ltr'><strong>aut</strong></span> <span class='ocrx_word' id='word_1_73' title='bbox 409 1324 490 1378; x_wconf 92' lang='lat' dir='ltr'><strong>armis</strong></span> <span class='ocrx_word' id='word_1_74' title='bbox 500 1331 637 1390; x_wconf 87' lang='lat' dir='ltr'><strong>oertatum,</strong></span> <span class='ocrx_word' id='word_1_75' title='bbox 648 1342 710 1380; x_wconf 90' lang='lat' dir='ltr'><strong>eum</strong></span> <span class='ocrx_word' id='word_1_76' title='bbox 720 1322 883 1397; x_wconf 86' lang='lat' dir='ltr'><strong>Semproniis</strong></span> <span class='ocrx_word' id='word_1_77' title='bbox 891 1325 1073 1398; x_wconf 81' lang='lat' dir='ltr'><strong>rogationibus</strong></span> 
     </span>
     <span class='ocr_line' id='line_1_13' title="bbox 277 1395 1074 1472; baseline 0.003 -20"><span class='ocrx_word' id='word_1_78' title='bbox 277 1405 397 1472; x_wconf 82' lang='lat' dir='ltr'><strong>equester</strong></span> <span class='ocrx_word' id='word_1_79' title='bbox 405 1395 469 1455; x_wconf 92' lang='lat' dir='ltr'><strong>ordo</strong></span> <span class='ocrx_word' id='word_1_80' title='bbox 478 1398 506 1454; x_wconf 92' lang='lat' dir='ltr'><strong>in</strong></span> <span class='ocrx_word' id='word_1_81' title='bbox 515 1400 683 1472; x_wconf 85' lang='lat' dir='ltr'><strong>possessione</strong></span> <span class='ocrx_word' id='word_1_82' title='bbox 692 1396 852 1454; x_wconf 87' lang='lat' dir='ltr'><strong>iudiciorum</strong></span> <span class='ocrx_word' id='word_1_83' title='bbox 864 1396 1006 1468; x_wconf 77' lang='lat' dir='ltr'><strong>locaretur3</strong></span> <span class='ocrx_word' id='word_1_84' title='bbox 1028 1411 1074 1460; x_wconf 82' lang='lat' dir='ltr'><strong>aut</strong></span> 
     </span>
     <span class='ocr_line' id='line_1_14' title="bbox 277 1467 1155 1562; baseline -0.001 -35"><span class='ocrx_word' id='word_1_85' title='bbox 277 1490 384 1528; x_wconf 87' lang='lat' dir='ltr'><strong>rursum</strong></span> <span class='ocrx_word' id='word_1_86' title='bbox 395 1471 522 1529; x_wconf 78' lang='lat' dir='ltr'><strong>Serviliae</strong></span> <span class='ocrx_word' id='word_1_87' title='bbox 535 1473 606 1562; x_wconf 69' lang='lat' dir='ltr'><strong>leges</strong></span> <span class='ocrx_word' id='word_1_88' title='bbox 620 1467 724 1530; x_wconf 86' lang='lat' dir='ltr'><strong>senatui</strong></span> <span class='ocrx_word' id='word_1_89' title='bbox 735 1472 835 1529; x_wconf 90' lang='lat' dir='ltr'><strong>iudicia</strong></span> <span class='ocrx_word' id='word_1_90' title='bbox 844 1472 996 1542; x_wconf 71' lang='lat' dir='ltr'><strong>redderent,</strong></span> <span class='ocrx_word' id='word_1_91' title='bbox 1016 1475 1074 1531; x_wconf 85' lang='lat' dir='ltr'><strong>Ma-</strong></span> <span class='ocrx_word' id='word_1_92' title='bbox 1154 1510 1155 1526; x_wconf 46' lang='lat' dir='ltr'><strong>t</strong></span> 
     </span>
    </p>
   </div>
   <div class='ocr_carea' id='block_1_6' title="bbox 276 1547 1157 1698">
    <p class='ocr_par' dir='ltr' id='par_1_6' title="bbox 276 1547 1157 1698">
     <span class='ocr_line' id='line_1_15' title="bbox 276 1547 1156 1622; baseline -0.002 -21"><span class='ocrx_word' id='word_1_93' title='bbox 276 1549 387 1621; x_wconf 87' lang='lat' dir='ltr'><strong>riuaque</strong></span> <span class='ocrx_word' id='word_1_94' title='bbox 407 1556 433 1604; x_wconf 86' lang='lat' dir='ltr'><strong>et</strong></span> <span class='ocrx_word' id='word_1_95' title='bbox 445 1547 518 1604; x_wconf 90' lang='lat' dir='ltr'><strong>Sulla</strong></span> <span class='ocrx_word' id='word_1_96' title='bbox 537 1549 601 1605; x_wconf 80' lang='lat' dir='ltr'><strong>olim</strong></span> <span class='ocrx_word' id='word_1_97' title='bbox 620 1547 654 1604; x_wconf 83' lang='lat' dir='ltr'><strong>de</strong></span> <span class='ocrx_word' id='word_1_98' title='bbox 673 1565 704 1604; x_wconf 92' lang='lat' dir='ltr'><strong>eo</strong></span> <span class='ocrx_word' id='word_1_99' title='bbox 723 1547 921 1622; x_wconf 83' lang='lat' dir='ltr'><strong>vel&#39;praeoipue</strong></span> <span class='ocrx_word' id='word_1_100' title='bbox 932 1547 1072 1606; x_wconf 74' lang='lat' dir='ltr'><strong>bellarent.</strong></span> <span class='ocrx_word' id='word_1_101' title='bbox 1155 1576 1156 1599; x_wconf 78' lang='lat' dir='ltr'><strong>t</strong></span> 
     </span>
     <span class='ocr_line' id='line_1_16' title="bbox 277 1621 1157 1698; baseline 0.003 -22"><span class='ocrx_word' id='word_1_102' title='bbox 277 1621 328 1677; x_wconf 89' lang='lat' dir='ltr'><strong>Sed</strong></span> <span class='ocrx_word' id='word_1_103' title='bbox 348 1630 412 1679; x_wconf 89' lang='lat' dir='ltr'><strong>tuno</strong></span> <span class='ocrx_word' id='word_1_104' title='bbox 429 1623 553 1680; x_wconf 89' lang='lat' dir='ltr'><strong>ordinum</strong></span> <span class='ocrx_word' id='word_1_105' title='bbox 573 1621 678 1678; x_wconf 90' lang='lat' dir='ltr'><strong>diversa</strong></span> <span class='ocrx_word' id='word_1_106' title='bbox 696 1621 800 1680; x_wconf 88' lang='lat' dir='ltr'><strong>studia:</strong></span> <span class='ocrx_word' id='word_1_107' title='bbox 821 1631 847 1678; x_wconf 89' lang='lat' dir='ltr'><strong>et</strong></span> <span class='ocrx_word' id='word_1_108' title='bbox 859 1640 928 1698; x_wconf 89' lang='lat' dir='ltr'><strong>quae</strong></span> <span class='ocrx_word' id='word_1_109' title='bbox 944 1623 1073 1690; x_wconf 84' lang='lat' dir='ltr'><strong>vicerant,</strong></span> <span class='ocrx_word' id='word_1_110' title='bbox 1156 1642 1157 1658; x_wconf 60' lang='lat'>¹</span> 
     </span>
    </p>
   </div>
   <div class='ocr_carea' id='block_1_7' title="bbox 275 1697 1086 3046">
    <p class='ocr_par' dir='ltr' id='par_1_7' title="bbox 276 1697 1076 2148">
     <span class='ocr_line' id='line_1_17' title="bbox 277 1697 1075 1772; baseline 0.003 -20"><span class='ocrx_word' id='word_1_111' title='bbox 277 1697 383 1768; x_wconf 82' lang='lat' dir='ltr'><strong>publice</strong></span> <span class='ocrx_word' id='word_1_112' title='bbox 392 1698 521 1756; x_wconf 89' lang='lat' dir='ltr'><strong>valebant.</strong></span> <span class='ocrx_word' id='word_1_113' title='bbox 544 1697 574 1756; x_wconf 88' lang='lat' dir='ltr'><strong>C.</strong></span> <span class='ocrx_word' id='word_1_114' title='bbox 586 1697 691 1772; x_wconf 91' lang='lat' dir='ltr'><strong>Oppius</strong></span> <span class='ocrx_word' id='word_1_115' title='bbox 701 1706 726 1753; x_wconf 89' lang='lat' dir='ltr'><strong>ot</strong></span> <span class='ocrx_word' id='word_1_116' title='bbox 735 1697 874 1755; x_wconf 81' lang='lat' dir='ltr'><strong>Cornelius</strong></span> <span class='ocrx_word' id='word_1_117' title='bbox 883 1697 981 1755; x_wconf 81' lang='lat' dir='ltr'><strong>balbus</strong></span> <span class='ocrx_word' id='word_1_118' title='bbox 990 1699 1075 1772; x_wconf 90' lang='lat' dir='ltr'><strong>primi</strong></span> 
     </span>
     <span class='ocr_line' id='line_1_18' title="bbox 278 1772 1075 1848; baseline 0.003 -21"><span class='ocrx_word' id='word_1_119' title='bbox 278 1773 397 1828; x_wconf 79' lang='lat' dir='ltr'><strong>Caesaris</strong></span> <span class='ocrx_word' id='word_1_120' title='bbox 410 1773 506 1846; x_wconf 90' lang='lat' dir='ltr'><strong>opibus</strong></span> <span class='ocrx_word' id='word_1_121' title='bbox 519 1781 628 1848; x_wconf 85' lang='lat' dir='ltr'><strong>potuero</strong></span> <span class='ocrx_word' id='word_1_122' title='bbox 646 1772 809 1831; x_wconf 84' lang='lat' dir='ltr'><strong>uenditiones</strong></span> <span class='ocrx_word' id='word_1_123' title='bbox 829 1773 903 1846; x_wconf 83' lang='lat' dir='ltr'><strong>pacis</strong></span> <span class='ocrx_word' id='word_1_124' title='bbox 921 1781 947 1829; x_wconf 85' lang='lat' dir='ltr'><strong>et</strong></span> <span class='ocrx_word' id='word_1_125' title='bbox 965 1773 1075 1830; x_wconf 89' lang='lat' dir='ltr'><strong>arbitria</strong></span> 
     </span>
     <span class='ocr_line' id='line_1_19' title="bbox 277 1848 1076 1922; baseline 0.001 -19"><span class='ocrx_word' id='word_1_126' title='bbox 277 1848 339 1904; x_wconf 90' lang='lat' dir='ltr'><strong>belli</strong></span> <span class='ocrx_word' id='word_1_127' title='bbox 349 1855 467 1904; x_wconf 85' lang='lat' dir='ltr'><strong>tractare.</strong></span> <span class='ocrx_word' id='word_1_128' title='bbox 505 1849 598 1905; x_wconf 86' lang='lat' dir='ltr'><strong>Matios</strong></span> <span class='ocrx_word' id='word_1_129' title='bbox 608 1850 718 1922; x_wconf 88' lang='lat' dir='ltr'><strong>posthae</strong></span> <span class='ocrx_word' id='word_1_130' title='bbox 727 1856 753 1904; x_wconf 90' lang='lat' dir='ltr'><strong>et</strong></span> <span class='ocrx_word' id='word_1_131' title='bbox 762 1848 859 1905; x_wconf 88' lang='lat' dir='ltr'><strong>Vedios</strong></span> <span class='ocrx_word' id='word_1_132' title='bbox 868 1856 894 1903; x_wconf 92' lang='lat' dir='ltr'><strong>et</strong></span> <span class='ocrx_word' id='word_1_133' title='bbox 903 1856 987 1906; x_wconf 82' lang='lat' dir='ltr'><strong>cetera</strong></span> <span class='ocrx_word' id='word_1_134' title='bbox 996 1850 1076 1922; x_wconf 91' lang='lat' dir='ltr'><strong>equi-</strong></span> 
     </span>
     <span class='ocr_line' id='line_1_20' title="bbox 277 1922 1076 1996; baseline 0.005 -20"><span class='ocrx_word' id='word_1_135' title='bbox 277 1932 334 1979; x_wconf 88' lang='lat' dir='ltr'><strong>tum</strong></span> <span class='ocrx_word' id='word_1_136' title='bbox 344 1925 522 1981; x_wconf 85' lang='lat' dir='ltr'><strong>Romanorum</strong></span> <span class='ocrx_word' id='word_1_137' title='bbox 536 1923 686 1996; x_wconf 86' lang='lat' dir='ltr'><strong>praevalida</strong></span> <span class='ocrx_word' id='word_1_138' title='bbox 701 1923 823 1989; x_wconf 89' lang='lat' dir='ltr'><strong>nomina,</strong></span> <span class='ocrx_word' id='word_1_139' title='bbox 837 1922 934 1980; x_wconf 81' lang='lat' dir='ltr'><strong>referre</strong></span> <span class='ocrx_word' id='word_1_140' title='bbox 948 1922 1016 1988; x_wconf 89' lang='lat' dir='ltr'><strong>nibil</strong></span> <span class='ocrx_word' id='word_1_141' title='bbox 1027 1923 1076 1980; x_wconf 91' lang='lat' dir='ltr'><strong>ad-</strong></span> 
     </span>
     <span class='ocr_line' id='line_1_21' title="bbox 277 1997 1076 2072; baseline 0.001 -19"><span class='ocrx_word' id='word_1_142' title='bbox 277 1999 396 2067; x_wconf 79' lang='lat' dir='ltr'><strong>tinuorit3</strong></span> <span class='ocrx_word' id='word_1_143' title='bbox 426 2016 489 2054; x_wconf 90' lang='lat' dir='ltr'><strong>oum</strong></span> <span class='ocrx_word' id='word_1_144' title='bbox 507 1997 634 2054; x_wconf 84' lang='lat' dir='ltr'><strong>Claudius</strong></span> <span class='ocrx_word' id='word_1_145' title='bbox 653 1998 775 2064; x_wconf 89' lang='lat' dir='ltr'><strong>libertos,</strong></span> <span class='ocrx_word' id='word_1_146' title='bbox 801 2015 869 2072; x_wconf 88' lang='lat' dir='ltr'><strong>quos</strong></span> <span class='ocrx_word' id='word_1_147' title='bbox 888 2000 927 2054; x_wconf 90' lang='lat' dir='ltr'><strong>rei</strong></span> <span class='ocrx_word' id='word_1_148' title='bbox 946 1997 1076 2056; x_wconf 73' lang='lat' dir='ltr'><strong>familiari</strong></span> 
     </span>
     <span class='ocr_line' id='line_1_22' title="bbox 276 2070 914 2148; baseline 0.002 -21"><span class='ocrx_word' id='word_1_149' title='bbox 276 2070 442 2145; x_wconf 69' lang='lat' dir='ltr'><strong>praefecerat,</strong></span> <span class='ocrx_word' id='word_1_150' title='bbox 454 2073 561 2146; x_wconf 87' lang='lat' dir='ltr'><strong>sibique</strong></span> <span class='ocrx_word' id='word_1_151' title='bbox 570 2082 596 2128; x_wconf 87' lang='lat' dir='ltr'><strong>et</strong></span> <span class='ocrx_word' id='word_1_152' title='bbox 604 2073 710 2148; x_wconf 82' lang='lat' dir='ltr'><strong>legibus</strong></span> <span class='ocrx_word' id='word_1_153' title='bbox 720 2073 914 2146; x_wconf 83' lang='lat' dir='ltr'><strong>adaequaverit.</strong></span> 
     </span>
    </p>

    <p class='ocr_par' dir='ltr' id='par_1_8' title="bbox 275 2146 1086 3046">
     <span class='ocr_line' id='line_1_23' title="bbox 311 2146 1074 2204; baseline 0.005 -4"><span class='ocrx_word' id='word_1_154' title='bbox 311 2149 372 2201; x_wconf 70' lang='lat' dir='ltr'><strong>tl.</strong></span> <span class='ocrx_word' id='word_1_155' title='bbox 393 2147 493 2202; x_wconf 84' lang='lat' dir='ltr'><strong>Retulit</strong></span> <span class='ocrx_word' id='word_1_156' title='bbox 513 2148 575 2203; x_wconf 91' lang='lat' dir='ltr'><strong>dein</strong></span> <span class='ocrx_word' id='word_1_157' title='bbox 598 2147 632 2204; x_wconf 87' lang='lat' dir='ltr'><strong>de</strong></span> <span class='ocrx_word' id='word_1_158' title='bbox 654 2149 812 2204; x_wconf 84' lang='lat' dir='ltr'><strong>inmunitate</strong></span> <span class='ocrx_word' id='word_1_159' title='bbox 831 2146 892 2203; x_wconf 88' lang='lat' dir='ltr'><strong>Cois</strong></span> <span class='ocrx_word' id='word_1_160' title='bbox 914 2147 1074 2204; x_wconf 88' lang='lat' dir='ltr'><strong>tribuenda:</strong></span> 
     </span>
     <span class='ocr_line' id='line_1_24' title="bbox 276 2220 1077 2296; baseline 0.004 -20"><span class='ocrx_word' id='word_1_161' title='bbox 276 2220 413 2293; x_wconf 82' lang='lat' dir='ltr'><strong>multaque</strong></span> <span class='ocrx_word' id='word_1_162' title='bbox 426 2239 507 2294; x_wconf 89' lang='lat' dir='ltr'><strong>snper</strong></span> <span class='ocrx_word' id='word_1_163' title='bbox 522 2224 677 2296; x_wconf 83' lang='lat' dir='ltr'><strong>antiquitate</strong></span> <span class='ocrx_word' id='word_1_164' title='bbox 688 2240 781 2280; x_wconf 85' lang='lat' dir='ltr'><strong>aarum</strong></span> <span class='ocrx_word' id='word_1_165' title='bbox 791 2225 957 2279; x_wconf 83' lang='lat' dir='ltr'><strong>memorauit.</strong></span> <span class='ocrx_word' id='word_1_166' title='bbox 993 2226 1077 2292; x_wconf 75' lang='lat' dir='ltr'><strong>Arpi-</strong></span> 
     </span>
     <span class='ocr_line' id='line_1_25' title="bbox 276 2295 1077 2367; baseline 0.004 -16"><span class='ocrx_word' id='word_1_167' title='bbox 276 2314 328 2360; x_wconf 80' lang='lat' dir='ltr'><strong>eot.</strong></span> <span class='ocrx_word' id='word_1_168' title='bbox 339 2299 379 2352; x_wconf 74' lang='lat' dir='ltr'><strong>ool</strong></span> <span class='ocrx_word' id='word_1_169' title='bbox 390 2295 490 2360; x_wconf 80' lang='lat' dir='ltr'><strong>Coeum,</strong></span> <span class='ocrx_word' id='word_1_170' title='bbox 501 2298 616 2354; x_wconf 84' lang='lat' dir='ltr'><strong>Latonae</strong></span> <span class='ocrx_word' id='word_1_171' title='bbox 622 2307 766 2367; x_wconf 78' lang='lat' dir='ltr'><strong>parantem,</strong></span> <span class='ocrx_word' id='word_1_172' title='bbox 779 2303 963 2353; x_wconf 75' lang='lat' dir='ltr'><strong>uetustissimae</strong></span> <span class='ocrx_word' id='word_1_173' title='bbox 972 2301 1077 2354; x_wconf 74' lang='lat' dir='ltr'><strong>imolae</strong></span> 
     </span>
     <span class='ocr_line' id='line_1_26' title="bbox 277 2373 1077 2442; baseline 0.004 -17"><span class='ocrx_word' id='word_1_174' title='bbox 277 2373 400 2428; x_wconf 81' lang='lat' dir='ltr'><strong>cultores:</strong></span> <span class='ocrx_word' id='word_1_175' title='bbox 420 2389 482 2426; x_wconf 76' lang='lat' dir='ltr'><strong>moa</strong></span> <span class='ocrx_word' id='word_1_176' title='bbox 495 2376 607 2428; x_wconf 81' lang='lat' dir='ltr'><strong>aduentu</strong></span> <span class='ocrx_word' id='word_1_177' title='bbox 617 2374 766 2442; x_wconf 74' lang='lat' dir='ltr'><strong>Aesculapii</strong></span> <span class='ocrx_word' id='word_1_178' title='bbox 781 2381 864 2428; x_wconf 83' lang='lat' dir='ltr'><strong>artem</strong></span> <span class='ocrx_word' id='word_1_179' title='bbox 877 2376 993 2427; x_wconf 72' lang='lat' dir='ltr'><strong>medardi</strong></span> <span class='ocrx_word' id='word_1_180' title='bbox 1002 2376 1077 2428; x_wconf 83' lang='lat' dir='ltr'><strong>iala-</strong></span> 
     </span>
     <span class='ocr_line' id='line_1_27' title="bbox 277 2449 1077 2518; baseline 0.003 -16"><span class='ocrx_word' id='word_1_181' title='bbox 277 2455 342 2509; x_wconf 82' lang='lat' dir='ltr'><strong>tam.</strong></span> <span class='ocrx_word' id='word_1_182' title='bbox 353 2450 515 2515; x_wconf 77' lang='lat' dir='ltr'><strong>maaetmaqua</strong></span> <span class='ocrx_word' id='word_1_183' title='bbox 524 2449 592 2501; x_wconf 76' lang='lat' dir='ltr'><strong>inter</strong></span> <span class='ocrx_word' id='word_1_184' title='bbox 599 2456 715 2515; x_wconf 77' lang='lat' dir='ltr'><strong>posteros</strong></span> <span class='ocrx_word' id='word_1_185' title='bbox 724 2450 914 2504; x_wconf 63' lang='lat' dir='ltr'><strong>maenam</strong></span> <span class='ocrx_word' id='word_1_186' title='bbox 921 2452 1014 2518; x_wconf 62' lang='lat' dir='ltr'><strong>(oasa,</strong></span> <span class='ocrx_word' id='word_1_187' title='bbox 1025 2465 1077 2504; x_wconf 93' lang='lat' dir='ltr'><strong>no-</strong></span> 
     </span>
     <span class='ocr_line' id='line_1_28' title="bbox 275 2519 1077 2595; baseline 0.005 -21"><span class='ocrx_word' id='word_1_188' title='bbox 275 2520 349 2578; x_wconf 92' lang='lat' dir='ltr'><strong>mina</strong></span> <span class='ocrx_word' id='word_1_189' title='bbox 358 2519 527 2594; x_wconf 77' lang='lat' dir='ltr'><strong>singulorum</strong></span> <span class='ocrx_word' id='word_1_190' title='bbox 536 2519 662 2588; x_wconf 80' lang='lat' dir='ltr'><strong>referans,</strong></span> <span class='ocrx_word' id='word_1_191' title='bbox 673 2522 808 2595; x_wconf 79' lang='lat' dir='ltr'><strong>atquibus</strong></span> <span class='ocrx_word' id='word_1_192' title='bbox 817 2521 935 2595; x_wconf 85' lang='lat' dir='ltr'><strong>quisque</strong></span> <span class='ocrx_word' id='word_1_193' title='bbox 943 2522 1077 2578; x_wconf 74' lang='lat' dir='ltr'><strong>aetatibus</strong></span> 
     </span>
     <span class='ocr_line' id='line_1_29' title="bbox 275 2593 1077 2669; baseline 0.004 -18"><span class='ocrx_word' id='word_1_194' title='bbox 275 2595 434 2669; x_wconf 77' lang='lat' dir='ltr'><strong>viguissent.</strong></span> <span class='ocrx_word' id='word_1_195' title='bbox 473 2593 644 2662; x_wconf 86' lang='lat' dir='ltr'><strong>Quinetiam</strong></span> <span class='ocrx_word' id='word_1_196' title='bbox 661 2595 744 2662; x_wconf 86' lang='lat' dir='ltr'><strong>dixit,</strong></span> <span class='ocrx_word' id='word_1_197' title='bbox 767 2597 973 2668; x_wconf 70' lang='lat' dir='ltr'><strong>Xenopboatara,</strong></span> <span class='ocrx_word' id='word_1_198' title='bbox 998 2602 1077 2654; x_wconf 75' lang='lat' dir='ltr'><strong>euim</strong></span> 
     </span>
     <span class='ocr_line' id='line_1_30' title="bbox 275 2674 1076 2744; baseline 0.007 -20"><span class='ocrx_word' id='word_1_199' title='bbox 275 2674 787 2742; x_wconf 72' lang='lat' dir='ltr'><strong>seientiaipaeutaretar‚eademsamilia</strong></span> <span class='ocrx_word' id='word_1_200' title='bbox 796 2675 1076 2744; x_wconf 65' lang='lat' dir='ltr'><strong>attemps-eodemne</strong></span> 
     </span>
     <span class='ocr_line' id='line_1_31' title="bbox 276 2745 1086 2822; baseline 0.006 -25"><span class='ocrx_word' id='word_1_201' title='bbox 276 2749 331 2802; x_wconf 76' lang='lat' dir='ltr'><strong>eiua</strong></span> <span class='ocrx_word' id='word_1_202' title='bbox 340 2749 467 2811; x_wconf 82' lang='lat' dir='ltr'><strong>dandum,</strong></span> <span class='ocrx_word' id='word_1_203' title='bbox 481 2754 511 2800; x_wconf 80' lang='lat' dir='ltr'><strong>ut</strong></span> <span class='ocrx_word' id='word_1_204' title='bbox 524 2749 594 2802; x_wconf 80' lang='lat' dir='ltr'><strong>omni</strong></span> <span class='ocrx_word' id='word_1_205' title='bbox 604 2749 700 2822; x_wconf 75' lang='lat' dir='ltr'><strong>tributo</strong></span> <span class='ocrx_word' id='word_1_206' title='bbox 709 2751 787 2822; x_wconf 80' lang='lat' dir='ltr'><strong>oaaaa&#39;</strong></span> <span class='ocrx_word' id='word_1_207' title='bbox 794 2751 824 2811; x_wconf 72' lang='lat' dir='ltr'><strong>ia</strong></span> <span class='ocrx_word' id='word_1_208' title='bbox 829 2755 961 2816; x_wconf 74' lang='lat' dir='ltr'><strong>partarum</strong></span> <span class='ocrx_word' id='word_1_209' title='bbox 972 2745 1019 2800; x_wconf 77' lang='lat' dir='ltr'><strong>Gar·</strong></span> <span class='ocrx_word' id='word_1_210' title='bbox 1027 2758 1086 2802; x_wconf 57' lang='grc' dir='ltr'><strong>ψ’</strong></span> 
     </span>
     <span class='ocr_line' id='line_1_32' title="bbox 277 2821 1076 2897; baseline 0.006 -26"><span class='ocrx_word' id='word_1_211' title='bbox 277 2835 349 2876; x_wconf 85' lang='lat' dir='ltr'><strong>oram</strong></span> <span class='ocrx_word' id='word_1_212' title='bbox 358 2827 383 2874; x_wconf 81' lang='lat' dir='ltr'><strong>at</strong></span> <span class='ocrx_word' id='word_1_213' title='bbox 392 2827 492 2874; x_wconf 73' lang='lat' dir='ltr'><strong>matum</strong></span> <span class='ocrx_word' id='word_1_214' title='bbox 501 2824 543 2878; x_wconf 80' lang='lat' dir='ltr'><strong>dei</strong></span> <span class='ocrx_word' id='word_1_215' title='bbox 551 2824 698 2897; x_wconf 62' lang='lat' dir='ltr'><strong>minutram</strong></span> <span class='ocrx_word' id='word_1_216' title='bbox 707 2824 820 2876; x_wconf 78' lang='lat' dir='ltr'><strong>insulana</strong></span> <span class='ocrx_word' id='word_1_217' title='bbox 830 2823 948 2878; x_wconf 76' lang='lat' dir='ltr'><strong>colorem.</strong></span> <span class='ocrx_word' id='word_1_218' title='bbox 979 2821 1076 2893; x_wconf 83' lang='lat' dir='ltr'><strong>Neque</strong></span> 
     </span>
     <span class='ocr_line' id='line_1_33' title="bbox 275 2890 1082 2967; baseline 0.006 -22"><span class='ocrx_word' id='word_1_219' title='bbox 275 2890 390 2948; x_wconf 90' lang='lat' dir='ltr'><strong>dubium</strong></span> <span class='ocrx_word' id='word_1_220' title='bbox 399 2892 524 2958; x_wconf 77' lang='lat' dir='ltr'><strong>habena.</strong></span> <span class='ocrx_word' id='word_1_221' title='bbox 536 2893 619 2950; x_wconf 85' lang='lat' dir='ltr'><strong>multa</strong></span> <span class='ocrx_word' id='word_1_222' title='bbox 630 2893 784 2950; x_wconf 88' lang='lat' dir='ltr'><strong>eorumdem</strong></span> <span class='ocrx_word' id='word_1_223' title='bbox 793 2896 822 2950; x_wconf 87' lang='lat' dir='ltr'><strong>in</strong></span> <span class='ocrx_word' id='word_1_224' title='bbox 831 2912 893 2967; x_wconf 88' lang='lat' dir='ltr'><strong>pop.</strong></span> <span class='ocrx_word' id='word_1_225' title='bbox 905 2896 981 2950; x_wconf 85' lang='lat' dir='ltr'><strong>Rom.</strong></span> <span class='ocrx_word' id='word_1_226' title='bbox 990 2896 1082 2950; x_wconf 62' lang='lat' dir='ltr'><strong>mera·</strong></span> 
     </span>
     <span class='ocr_line' id='line_1_34' title="bbox 277 2965 1074 3046; baseline 0.01 -27"><span class='ocrx_word' id='word_1_227' title='bbox 277 2977 301 3019; x_wconf 87' lang='lat' dir='ltr'><strong>ta</strong></span> <span class='ocrx_word' id='word_1_228' title='bbox 319 2965 458 3040; x_wconf 80' lang='lat' dir='ltr'><strong>sociaeque</strong></span> <span class='ocrx_word' id='word_1_229' title='bbox 475 2967 598 3024; x_wconf 86' lang='lat' dir='ltr'><strong>victorias</strong></span> <span class='ocrx_word' id='word_1_230' title='bbox 615 2970 734 3041; x_wconf 87' lang='lat' dir='ltr'><strong>potuisse</strong></span> <span class='ocrx_word' id='word_1_231' title='bbox 755 2970 831 3046; x_wconf 83' lang='lat' dir='ltr'><strong>tradi.</strong></span> <span class='ocrx_word' id='word_1_232' title='bbox 870 2969 923 3026; x_wconf 89' lang='lat' dir='ltr'><strong>Sed</strong></span> <span class='ocrx_word' id='word_1_233' title='bbox 943 2969 1074 3027; x_wconf 69' lang='lat' dir='ltr'><strong>Claudium</strong></span> 
     </span>
    </p>
   </div>
   <div class='ocr_carea' id='block_1_8' title="bbox 0 0 1297 3734">
    <p class='ocr_par' dir='ltr' id='par_1_9' title="bbox 0 0 1297 3734">
     <span class='ocr_line' id='line_1_35' title="bbox 0 0 1297 3734; baseline 0 0"><span class='ocrx_word' id='word_1_234' title='bbox 0 0 1297 3734; x_wconf 95' lang='lat' dir='ltr'><strong> </strong></span> 
     </span>
    </p>
   </div>
  </div>
 </body>
</html>
