<?xml version="1.0" encoding="UTF-8"?>
<!DOCTYPE html PUBLIC "-//W3C//DTD XHTML 1.0 Transitional//EN"
    "http://www.w3.org/TR/xhtml1/DTD/xhtml1-transitional.dtd">
<html xmlns="http://www.w3.org/1999/xhtml" xml:lang="en" lang="en">
 <head>
  <title>
</title>
<meta http-equiv="Content-Type" content="text/html;charset=utf-8" />
  <meta name='ocr-system' content='tesseract 3.04.00' />
  <meta name='ocr-capabilities' content='ocr_page ocr_carea ocr_par ocr_line ocrx_word'/>
</head>
<body>
  <div class='ocr_page' id='page_1' title='image "./operaquoadextan02tacigoog_0334.png"; bbox 0 0 2575 3734; ppageno 0'>
   <div class='ocr_carea' id='block_1_1' title="bbox 294 461 1104 536">
    <p class='ocr_par' dir='ltr' id='par_1_1' title="bbox 294 461 1104 536">
     <span class='ocr_line' id='line_1_1' title="bbox 294 461 1104 536; baseline -0.009 -10"><span class='ocrx_word' id='word_1_1' title='bbox 294 472 343 527; x_wconf 77' lang='lat'><strong><em>³2⁶</em></strong></span> <span class='ocrx_word' id='word_1_2' title='bbox 578 472 814 523; x_wconf 68' lang='lat' dir='ltr'><strong><em>duumuir</em></strong></span> <span class='ocrx_word' id='word_1_3' title='bbox 963 461 1038 536; x_wconf 78' lang='grc'><strong>(1.1.</strong></span> <span class='ocrx_word' id='word_1_4' title='bbox 1050 474 1104 519; x_wconf 80' lang='lat' dir='ltr'><strong><em>ere.</em></strong></span> 
     </span>
    </p>
   </div>
   <div class='ocr_carea' id='block_1_2' title="bbox 222 574 1105 2743">
    <p class='ocr_par' dir='ltr' id='par_1_2' title="bbox 222 574 1158 2743">
     <span class='ocr_line' id='line_1_2' title="bbox 293 574 1105 645; baseline -0.012 -10"><span class='ocrx_word' id='word_1_5' title='bbox 293 582 329 635; x_wconf 88' lang='lat' dir='ltr'><strong><em>cd</em></strong></span> <span class='ocrx_word' id='word_1_6' title='bbox 338 586 456 634; x_wconf 80' lang='lat' dir='ltr'><strong><em>eutctmn</em></strong></span> <span class='ocrx_word' id='word_1_7' title='bbox 465 584 490 630; x_wconf 86' lang='lat' dir='ltr'><strong><em>et</em></strong></span> <span class='ocrx_word' id='word_1_8' title='bbox 498 577 623 645; x_wconf 85' lang='lat' dir='ltr'><strong><em>poputum</em></strong></span> <span class='ocrx_word' id='word_1_9' title='bbox 635 578 803 643; x_wconf 74' lang='lat' dir='ltr'><strong><em>peruaderet,</em></strong></span> <span class='ocrx_word' id='word_1_10' title='bbox 817 576 1030 643; x_wconf 65' lang='lat' dir='ltr'><strong><em>neutroqtumet</em></strong></span> <span class='ocrx_word' id='word_1_11' title='bbox 1041 574 1105 626; x_wconf 61' lang='lat' dir='ltr'><strong><em>out</em></strong></span> 
     </span>
     <span class='ocr_line' id='line_1_3' title="bbox 293 650 1104 722; baseline -0.009 -15"><span class='ocrx_word' id='word_1_12' title='bbox 293 670 343 708; x_wconf 82' lang='lat' dir='ltr'><strong><em>nue</em></strong></span> <span class='ocrx_word' id='word_1_13' title='bbox 353 660 378 707; x_wconf 88' lang='lat' dir='ltr'><strong><em>et</em></strong></span> <span class='ocrx_word' id='word_1_14' title='bbox 386 656 535 722; x_wconf 68' lang='lat' dir='ltr'><strong><em>interfectos</em></strong></span> <span class='ocrx_word' id='word_1_15' title='bbox 543 656 642 706; x_wconf 81' lang='lat' dir='ltr'><strong><em>amicos</em></strong></span> <span class='ocrx_word' id='word_1_16' title='bbox 650 653 811 704; x_wconf 75' lang='lat' dir='ltr'><strong><em>obiiciendo:</em></strong></span> <span class='ocrx_word' id='word_1_17' title='bbox 829 651 898 717; x_wconf 89' lang='lat' dir='ltr'><strong><em>qued</em></strong></span> <span class='ocrx_word' id='word_1_18' title='bbox 913 655 1007 703; x_wconf 73' lang='lat' dir='ltr'><strong><em>comen</em></strong></span> <span class='ocrx_word' id='word_1_19' title='bbox 1015 650 1104 701; x_wconf 79' lang='lat' dir='ltr'><strong><em>subsi-</em></strong></span> 
     </span>
     <span class='ocr_line' id='line_1_4' title="bbox 293 723 1102 795; baseline -0.01 -12"><span class='ocrx_word' id='word_1_20' title='bbox 293 731 366 783; x_wconf 84' lang='lat' dir='ltr'><strong><em>dtum</em></strong></span> <span class='ocrx_word' id='word_1_21' title='bbox 375 724 446 781; x_wconf 82' lang='lat' dir='ltr'><strong><em>eibi?</em></strong></span> <span class='ocrx_word' id='word_1_22' title='bbox 465 730 517 781; x_wconf 80' lang='lat' dir='ltr'><strong><em>nisi</em></strong></span> <span class='ocrx_word' id='word_1_23' title='bbox 527 729 591 795; x_wconf 84' lang='lat' dir='ltr'><strong><em>quid</em></strong></span> <span class='ocrx_word' id='word_1_24' title='bbox 599 723 1017 791; x_wconf 80' lang='lat' dir='ltr'><strong><em>Rue-rucetSmeecreperireut:</em></strong></span> <span class='ocrx_word' id='word_1_25' title='bbox 1033 738 1102 793; x_wconf 84' lang='lat' dir='ltr'><strong><em>quoe</em></strong></span> 
     </span>
     <span class='ocr_line' id='line_1_5' title="bbox 294 796 1102 869; baseline -0.012 -10"><span class='ocrx_word' id='word_1_26' title='bbox 294 802 384 859; x_wconf 84' lang='lat' dir='ltr'><strong><em>stetim</em></strong></span> <span class='ocrx_word' id='word_1_27' title='bbox 399 802 541 865; x_wconf 80' lang='lat' dir='ltr'><strong><em>acciverat,</em></strong></span> <span class='ocrx_word' id='word_1_28' title='bbox 556 800 690 854; x_wconf 85' lang='lat' dir='ltr'><strong><em>incertum</em></strong></span> <span class='ocrx_word' id='word_1_29' title='bbox 704 815 739 853; x_wconf 84' lang='lat' dir='ltr'><strong><em>en</em></strong></span> <span class='ocrx_word' id='word_1_30' title='bbox 753 805 780 852; x_wconf 91' lang='lat' dir='ltr'><strong><em>et</em></strong></span> <span class='ocrx_word' id='word_1_31' title='bbox 795 807 856 851; x_wconf 85' lang='lat' dir='ltr'><strong><em>onte</em></strong></span> <span class='ocrx_word' id='word_1_32' title='bbox 867 813 976 869; x_wconf 74' lang='lat' dir='ltr'><strong><em>gnaros.</em></strong></span> <span class='ocrx_word' id='word_1_33' title='bbox 1017 796 1102 869; x_wconf 76' lang='lat' dir='ltr'><strong><em>igion</em></strong></span> 
     </span>
     <span class='ocr_line' id='line_1_6' title="bbox 294 870 1100 951; baseline -0.011 -17"><span class='ocrx_word' id='word_1_34' title='bbox 294 878 406 951; x_wconf 81' lang='lat' dir='ltr'><strong><em>longum</em></strong></span> <span class='ocrx_word' id='word_1_35' title='bbox 416 876 559 947; x_wconf 88' lang='lat' dir='ltr'><strong><em>utriusque</em></strong></span> <span class='ocrx_word' id='word_1_36' title='bbox 569 873 717 938; x_wconf 86' lang='lat' dir='ltr'><strong><em>silentium,</em></strong></span> <span class='ocrx_word' id='word_1_37' title='bbox 732 889 767 927; x_wconf 89' lang='lat' dir='ltr'><strong><em>ne</em></strong></span> <span class='ocrx_word' id='word_1_38' title='bbox 775 873 849 927; x_wconf 90' lang='lat' dir='ltr'><strong><em>inriti</em></strong></span> <span class='ocrx_word' id='word_1_39' title='bbox 858 870 1058 936; x_wconf 74' lang='lat' dir='ltr'><strong>dissuaderent,</strong></span> <span class='ocrx_word' id='word_1_40' title='bbox 1068 888 1100 925; x_wconf 86' lang='lat' dir='ltr'><strong><em>en</em></strong></span> 
     </span>
     <span class='ocr_line' id='line_1_7' title="bbox 295 944 1101 1019; baseline -0.014 -10"><span class='ocrx_word' id='word_1_41' title='bbox 295 970 326 1009; x_wconf 87' lang='lat' dir='ltr'><strong><em>eo</em></strong></span> <span class='ocrx_word' id='word_1_42' title='bbox 336 952 494 1009; x_wconf 73' lang='lat' dir='ltr'><strong>descensum</strong></span> <span class='ocrx_word' id='word_1_43' title='bbox 506 949 661 1014; x_wconf 80' lang='lat' dir='ltr'><strong><em>credebant,</em></strong></span> <span class='ocrx_word' id='word_1_44' title='bbox 672 957 717 1013; x_wconf 89' lang='lat' dir='ltr'><strong><em>ut,</em></strong></span> <span class='ocrx_word' id='word_1_45' title='bbox 728 948 784 1002; x_wconf 86' lang='lat' dir='ltr'><strong><em>nisi</em></strong></span> <span class='ocrx_word' id='word_1_46' title='bbox 793 948 995 1017; x_wconf 72' lang='lat' dir='ltr'>praeveniretur</span> <span class='ocrx_word' id='word_1_47' title='bbox 1003 944 1101 1019; x_wconf 76' lang='lat' dir='ltr'><strong><em>Agrip</em></strong></span> 
     </span>
     <span class='ocr_line' id='line_1_8' title="bbox 293 1020 1100 1100; baseline -0.01 -17"><span class='ocrx_word' id='word_1_48' title='bbox 293 1030 368 1100; x_wconf 83' lang='lat' dir='ltr'><strong><em>pinu,</em></strong></span> <span class='ocrx_word' id='word_1_49' title='bbox 380 1024 548 1097; x_wconf 88' lang='lat' dir='ltr'><strong><em>pereundum</em></strong></span> <span class='ocrx_word' id='word_1_50' title='bbox 557 1024 657 1079; x_wconf 88' lang='lat' dir='ltr'><strong><em>Neroni</em></strong></span> <span class='ocrx_word' id='word_1_51' title='bbox 666 1030 745 1077; x_wconf 91' lang='lat' dir='ltr'><strong><em>esset.</em></strong></span> <span class='ocrx_word' id='word_1_52' title='bbox 778 1022 840 1077; x_wconf 88' lang='lat' dir='ltr'><strong><em>Post</em></strong></span> <span class='ocrx_word' id='word_1_53' title='bbox 848 1020 956 1086; x_wconf 73' lang='grc'><strong>511111,</strong></span> <span class='ocrx_word' id='word_1_54' title='bbox 972 1020 1100 1076; x_wconf 80' lang='lat' dir='ltr'><strong><em>hactenus</em></strong></span> 
     </span>
     <span class='ocr_line' id='line_1_9' title="bbox 293 1096 1101 1175; baseline -0.009 -18"><span class='ocrx_word' id='word_1_55' title='bbox 293 1100 454 1175; x_wconf 79' lang='lat' dir='ltr'><strong>promptior,</strong></span> <span class='ocrx_word' id='word_1_56' title='bbox 469 1098 602 1169; x_wconf 84' lang='lat' dir='ltr'><strong><em>respicere</em></strong></span> <span class='ocrx_word' id='word_1_57' title='bbox 614 1098 747 1162; x_wconf 89' lang='lat' dir='ltr'><strong><em>Burrum,</em></strong></span> <span class='ocrx_word' id='word_1_58' title='bbox 763 1114 795 1152; x_wconf 82' lang='lat' dir='ltr'><strong><em>ec</em></strong></span> <span class='ocrx_word' id='word_1_59' title='bbox 806 1096 950 1161; x_wconf 77' lang='lat' dir='ltr'><strong><em>sciscitari,</em></strong></span> <span class='ocrx_word' id='word_1_60' title='bbox 972 1114 1011 1151; x_wconf 83' lang='lat' dir='ltr'><strong><em>eu</em></strong></span> <span class='ocrx_word' id='word_1_61' title='bbox 1025 1099 1101 1151; x_wconf 82' lang='lat' dir='ltr'><strong><em>mtttti</em></strong></span> 
     </span>
     <span class='ocr_line' id='line_1_10' title="bbox 294 1170 1101 1245; baseline -0.01 -13"><span class='ocrx_word' id='word_1_62' title='bbox 294 1178 449 1245; x_wconf 80' lang='lat' dir='ltr'><strong><em>imperanda</em></strong></span> <span class='ocrx_word' id='word_1_63' title='bbox 458 1177 548 1228; x_wconf 81' lang='lat' dir='ltr'><strong><em>caeder</em></strong></span> <span class='ocrx_word' id='word_1_64' title='bbox 557 1171 641 1228; x_wconf 79' lang='lat' dir='ltr'><strong><em>esset?</em></strong></span> <span class='ocrx_word' id='word_1_65' title='bbox 651 1172 698 1228; x_wconf 86' lang='lat' dir='ltr'><strong><em>ille</em></strong></span> <span class='ocrx_word' id='word_1_66' title='bbox 704 1176 890 1241; x_wconf 75' lang='lat' dir='ltr'><strong><em>praetorianos</em></strong></span> <span class='ocrx_word' id='word_1_67' title='bbox 899 1176 947 1227; x_wconf 85' lang='lat' dir='ltr'><strong><em>toti</em></strong></span> <span class='ocrx_word' id='word_1_68' title='bbox 958 1170 1101 1234; x_wconf 71' lang='grc'><strong>(7111111111</strong></span> 
     </span>
     <span class='ocr_line' id='line_1_11' title="bbox 295 1246 1101 1317; baseline -0.005 -11"><span class='ocrx_word' id='word_1_69' title='bbox 295 1254 382 1307; x_wconf 79' lang='lat' dir='ltr'><strong><em>domur¹</em></strong></span> <span class='ocrx_word' id='word_1_70' title='bbox 391 1252 534 1311; x_wconf 79' lang='lat' dir='ltr'><strong><em>obstrictos,</em></strong></span> <span class='ocrx_word' id='word_1_71' title='bbox 546 1264 718 1317; x_wconf 68' lang='lat' dir='ltr'><strong><em>memoresque</em></strong></span> <span class='ocrx_word' id='word_1_72' title='bbox 729 1246 888 1309; x_wconf 80' lang='lat' dir='ltr'><strong><em>Germanici,</em></strong></span> <span class='ocrx_word' id='word_1_73' title='bbox 899 1248 966 1301; x_wconf 76' lang='lat' dir='ltr'><strong><em>meu</em></strong></span> <span class='ocrx_word' id='word_1_74' title='bbox 975 1250 1101 1302; x_wconf 68' lang='lat' dir='ltr'><strong><em>adverae</em></strong></span> 
     </span>
     <span class='ocr_line' id='line_1_12' title="bbox 292 1320 1101 1394; baseline -0.005 -16"><span class='ocrx_word' id='word_1_75' title='bbox 292 1327 442 1394; x_wconf 84' lang='lat' dir='ltr'><strong><em>proqeniem</em></strong></span> <span class='ocrx_word' id='word_1_76' title='bbox 455 1326 511 1377; x_wconf 79' lang='lat' dir='ltr'><strong><em>etus</em></strong></span> <span class='ocrx_word' id='word_1_77' title='bbox 524 1331 606 1377; x_wconf 78' lang='lat' dir='ltr'><strong><em>atron</em></strong></span> <span class='ocrx_word' id='word_1_78' title='bbox 624 1340 749 1384; x_wconf 80' lang='lat' dir='ltr'><strong><em>ausuros,</em></strong></span> <span class='ocrx_word' id='word_1_79' title='bbox 769 1320 918 1393; x_wconf 87' lang='lat' dir='ltr'><strong><em>respondit:</em></strong></span> <span class='ocrx_word' id='word_1_80' title='bbox 936 1329 1101 1389; x_wconf 77' lang='lat' dir='ltr'><strong><em>perpetraret</em></strong></span> 
     </span>
     <span class='ocr_line' id='line_1_13' title="bbox 295 1395 1101 1467; baseline -0.005 -12"><span class='ocrx_word' id='word_1_81' title='bbox 295 1403 417 1455; x_wconf 74' lang='lat' dir='ltr'><strong><em>Anicetus</em></strong></span> <span class='ocrx_word' id='word_1_82' title='bbox 424 1402 562 1466; x_wconf 55' lang='lat' dir='ltr'><strong><em>proruis-eum</em></strong></span> <span class='ocrx_word' id='word_1_83' title='bbox 601 1396 669 1463; x_wconf 83' lang='lat' dir='ltr'><strong><em>Qui,</em></strong></span> <span class='ocrx_word' id='word_1_84' title='bbox 681 1395 750 1452; x_wconf 91' lang='lat' dir='ltr'><strong><em>nibil</em></strong></span> <span class='ocrx_word' id='word_1_85' title='bbox 759 1404 914 1460; x_wconf 72' lang='lat' dir='ltr'><strong><em>cunctatus,</em></strong></span> <span class='ocrx_word' id='word_1_86' title='bbox 928 1396 1101 1467; x_wconf 86' lang='lat' dir='ltr'><strong><em>poseitsum-</em></strong></span> 
     </span>
     <span class='ocr_line' id='line_1_14' title="bbox 295 1470 1101 1536; baseline -0.004 -9"><span class='ocrx_word' id='word_1_87' title='bbox 295 1490 368 1528; x_wconf 84' lang='lat' dir='ltr'><strong><em>mam</em></strong></span> <span class='ocrx_word' id='word_1_88' title='bbox 384 1470 501 1527; x_wconf 76' lang='lat' dir='ltr'><strong><em>sceleris.</em></strong></span> <span class='ocrx_word' id='word_1_89' title='bbox 540 1471 583 1527; x_wconf 80' lang='lat' dir='ltr'><strong><em>Ad</em></strong></span> <span class='ocrx_word' id='word_1_90' title='bbox 596 1488 657 1527; x_wconf 82' lang='lat' dir='ltr'><strong><em>eum</em></strong></span> <span class='ocrx_word' id='word_1_91' title='bbox 669 1488 762 1527; x_wconf 88' lang='lat' dir='ltr'><strong><em>vocem</em></strong></span> <span class='ocrx_word' id='word_1_92' title='bbox 772 1471 856 1536; x_wconf 90' lang='lat' dir='ltr'><strong><em>Nero,</em></strong></span> <span class='ocrx_word' id='word_1_93' title='bbox 872 1473 920 1525; x_wconf 84' lang='lat' dir='ltr'><strong><em>itte</em></strong></span> <span class='ocrx_word' id='word_1_94' title='bbox 927 1473 980 1525; x_wconf 77' lang='lat' dir='ltr'><strong><em>eibi</em></strong></span> <span class='ocrx_word' id='word_1_95' title='bbox 988 1474 1101 1525; x_wconf 82' lang='lat' dir='ltr'><strong><em>diedurt</em></strong></span> 
     </span>
     <span class='ocr_line' id='line_1_15' title="bbox 295 1544 1102 1617; baseline -0.004 -14"><span class='ocrx_word' id='word_1_96' title='bbox 295 1551 444 1617; x_wconf 81' lang='lat' dir='ltr'><strong><em>imperium,</em></strong></span> <span class='ocrx_word' id='word_1_97' title='bbox 460 1555 642 1617; x_wconf 75' lang='lat' dir='ltr'><strong><em>auctoremque</em></strong></span> <span class='ocrx_word' id='word_1_98' title='bbox 657 1550 725 1601; x_wconf 81' lang='lat' dir='ltr'><strong><em>temti</em></strong></span> <span class='ocrx_word' id='word_1_99' title='bbox 737 1551 853 1601; x_wconf 73' lang='lat' dir='ltr'><strong><em>muumie</em></strong></span> <span class='ocrx_word' id='word_1_100' title='bbox 865 1549 986 1601; x_wconf 82' lang='lat' dir='ltr'><strong><em>libertum</em></strong></span> <span class='ocrx_word' id='word_1_101' title='bbox 995 1544 1102 1617; x_wconf 85' lang='lat' dir='ltr'><strong><em>profite-</em></strong></span> 
     </span>
     <span class='ocr_line' id='line_1_16' title="bbox 295 1622 1101 1690; baseline -0.002 -13"><span class='ocrx_word' id='word_1_102' title='bbox 295 1630 349 1677; x_wconf 85' lang='lat' dir='ltr'><strong><em>tur.</em></strong></span> <span class='ocrx_word' id='word_1_103' title='bbox 390 1622 444 1676; x_wconf 84' lang='lat' dir='ltr'><strong><em>Irct</em></strong></span> <span class='ocrx_word' id='word_1_104' title='bbox 451 1639 574 1690; x_wconf 85' lang='lat' dir='ltr'><strong><em>propere,</em></strong></span> <span class='ocrx_word' id='word_1_105' title='bbox 589 1625 743 1689; x_wconf 74' lang='lat' dir='ltr'><strong><em>duceretque</em></strong></span> <span class='ocrx_word' id='word_1_106' title='bbox 754 1625 961 1689; x_wconf 76' lang='lat' dir='ltr'><strong><em>promptissimos</em></strong></span> <span class='ocrx_word' id='word_1_107' title='bbox 974 1625 1012 1675; x_wconf 87' lang='lat' dir='ltr'><strong><em>nd</em></strong></span> <span class='ocrx_word' id='word_1_108' title='bbox 1021 1626 1101 1675; x_wconf 73' lang='lat' dir='ltr'><strong><em>iusso.</em></strong></span> 
     </span>
     <span class='ocr_line' id='line_1_17' title="bbox 295 1696 1103 1769; baseline -0.001 -17"><span class='ocrx_word' id='word_1_109' title='bbox 295 1698 370 1769; x_wconf 90' lang='lat' dir='ltr'><strong><em>ipse,</em></strong></span> <span class='ocrx_word' id='word_1_110' title='bbox 385 1696 488 1763; x_wconf 82' lang='lat' dir='ltr'><strong><em>audite,</em></strong></span> <span class='ocrx_word' id='word_1_111' title='bbox 505 1697 612 1751; x_wconf 82' lang='lat' dir='ltr'><strong><em>venisse</em></strong></span> <span class='ocrx_word' id='word_1_112' title='bbox 621 1696 710 1751; x_wconf 88' lang='lat' dir='ltr'><strong><em>missu</em></strong></span> <span class='ocrx_word' id='word_1_113' title='bbox 719 1696 884 1769; x_wconf 77' lang='lat' dir='ltr'><strong><em>Agrippinae</em></strong></span> <span class='ocrx_word' id='word_1_114' title='bbox 893 1696 1024 1750; x_wconf 84' lang='lat' dir='ltr'><strong><em>nuntium</em></strong></span> <span class='ocrx_word' id='word_1_115' title='bbox 1034 1696 1103 1769; x_wconf 79' lang='lat' dir='ltr'><strong><em>Age·</em></strong></span> 
     </span>
     <span class='ocr_line' id='line_1_18' title="bbox 296 1769 1101 1844; baseline -0.004 -16"><span class='ocrx_word' id='word_1_116' title='bbox 296 1774 397 1838; x_wconf 87' lang='lat' dir='ltr'><strong><em>riuum,</em></strong></span> <span class='ocrx_word' id='word_1_117' title='bbox 409 1788 516 1827; x_wconf 84' lang='lat' dir='ltr'><strong><em>scenam</em></strong></span> <span class='ocrx_word' id='word_1_118' title='bbox 526 1771 596 1826; x_wconf 87' lang='lat' dir='ltr'><strong><em>ultro</em></strong></span> <span class='ocrx_word' id='word_1_119' title='bbox 606 1771 729 1825; x_wconf 85' lang='lat' dir='ltr'><strong><em>criminis</em></strong></span> <span class='ocrx_word' id='word_1_120' title='bbox 735 1778 824 1841; x_wconf 81' lang='lat' dir='ltr'><strong><em>perat:</em></strong></span> <span class='ocrx_word' id='word_1_121' title='bbox 836 1769 1026 1844; x_wconf 78' lang='lat' dir='ltr'><strong><em>gladiumque,</em></strong></span> <span class='ocrx_word' id='word_1_122' title='bbox 1037 1770 1101 1825; x_wconf 81' lang='lat' dir='ltr'><strong><em>drun</em></strong></span> 
     </span>
     <span class='ocr_line' id='line_1_19' title="bbox 296 1844 1102 1919; baseline -0.005 -16"><span class='ocrx_word' id='word_1_123' title='bbox 296 1847 420 1903; x_wconf 82' lang='lat' dir='ltr'><strong><em>mandute</em></strong></span> <span class='ocrx_word' id='word_1_124' title='bbox 429 1846 537 1919; x_wconf 78' lang='lat' dir='ltr'><strong><em>perfert,</em></strong></span> <span class='ocrx_word' id='word_1_125' title='bbox 548 1844 807 1917; x_wconf 85' lang='lat' dir='ltr'><strong><em>ebiioitinterpedes</em></strong></span> <span class='ocrx_word' id='word_1_126' title='bbox 816 1847 886 1901; x_wconf 85' lang='lat' dir='ltr'><strong><em>eins.</em></strong></span> <span class='ocrx_word' id='word_1_127' title='bbox 926 1845 1009 1912; x_wconf 89' lang='lat' dir='ltr'><strong><em>Tum,</em></strong></span> <span class='ocrx_word' id='word_1_128' title='bbox 1024 1846 1102 1918; x_wconf 80' lang='lat' dir='ltr'><strong><em>quasi</em></strong></span> 
     </span>
     <span class='ocr_line' id='line_1_20' title="bbox 296 1920 1102 1996; baseline -0.005 -17"><span class='ocrx_word' id='word_1_129' title='bbox 296 1922 474 1996; x_wconf 88' lang='lat' dir='ltr'><strong><em>deprehenso,</em></strong></span> <span class='ocrx_word' id='word_1_130' title='bbox 491 1925 580 1977; x_wconf 81' lang='lat' dir='ltr'><strong><em>vincte</em></strong></span> <span class='ocrx_word' id='word_1_131' title='bbox 591 1925 668 1976; x_wconf 79' lang='lat' dir='ltr'><strong><em>mitet</em></strong></span> <span class='ocrx_word' id='word_1_132' title='bbox 681 1920 768 1985; x_wconf 87' lang='lat' dir='ltr'><strong><em>iubet,</em></strong></span> <span class='ocrx_word' id='word_1_133' title='bbox 784 1927 829 1986; x_wconf 90' lang='lat' dir='ltr'><strong><em>nt,</em></strong></span> <span class='ocrx_word' id='word_1_134' title='bbox 849 1925 961 1975; x_wconf 67' lang='lat' dir='ltr'><strong><em>coritium</em></strong></span> <span class='ocrx_word' id='word_1_135' title='bbox 970 1926 1102 1989; x_wconf 78' lang='lat' dir='ltr'><strong><em>principis</em></strong></span> 
     </span>
     <span class='ocr_line' id='line_1_21' title="bbox 295 1998 1102 2065; baseline -0.005 -12"><span class='ocrx_word' id='word_1_136' title='bbox 295 2000 412 2053; x_wconf 85' lang='lat' dir='ltr'><strong><em>metitum</em></strong></span> <span class='ocrx_word' id='word_1_137' title='bbox 428 2006 550 2061; x_wconf 83' lang='lat' dir='ltr'><strong><em>matrem,</em></strong></span> <span class='ocrx_word' id='word_1_138' title='bbox 571 2004 597 2050; x_wconf 88' lang='lat' dir='ltr'><strong><em>et</em></strong></span> <span class='ocrx_word' id='word_1_139' title='bbox 611 2000 713 2065; x_wconf 83' lang='lat' dir='ltr'><strong><em>pudore</em></strong></span> <span class='ocrx_word' id='word_1_140' title='bbox 727 1998 878 2064; x_wconf 77' lang='lat' dir='ltr'><strong><em>depretemt</em></strong></span> <span class='ocrx_word' id='word_1_141' title='bbox 889 1998 998 2051; x_wconf 70' lang='lat' dir='ltr'><strong><em>scetere</em></strong></span> <span class='ocrx_word' id='word_1_142' title='bbox 1014 2005 1102 2065; x_wconf 67' lang='lat' dir='ltr'><strong><em>moute</em></strong></span> 
     </span>
     <span class='ocr_line' id='line_1_22' title="bbox 295 2071 739 2145; baseline -0.005 -18"><span class='ocrx_word' id='word_1_143' title='bbox 295 2082 404 2127; x_wconf 85' lang='lat' dir='ltr'><strong><em>mortem</em></strong></span> <span class='ocrx_word' id='word_1_144' title='bbox 411 2078 557 2141; x_wconf 80' lang='lat' dir='ltr'><strong><em>sumpsisse,</em></strong></span> <span class='ocrx_word' id='word_1_145' title='bbox 569 2071 739 2145; x_wconf 84' lang='lat' dir='ltr'><strong><em>confingeret.</em></strong></span> 
     </span>
     <span class='ocr_line' id='line_1_23' title="bbox 351 2143 1102 2221; baseline 0 -20"><span class='ocrx_word' id='word_1_146' title='bbox 351 2151 377 2202; x_wconf 91' lang='lat'><strong><em>8.</em></strong></span> <span class='ocrx_word' id='word_1_147' title='bbox 399 2148 507 2203; x_wconf 83' lang='lat' dir='ltr'><strong><em>Interim</em></strong></span> <span class='ocrx_word' id='word_1_148' title='bbox 517 2145 626 2221; x_wconf 83' lang='lat' dir='ltr'><strong><em>vulgato</em></strong></span> <span class='ocrx_word' id='word_1_149' title='bbox 634 2146 799 2220; x_wconf 77' lang='lat' dir='ltr'><strong><em>Agrippinae</em></strong></span> <span class='ocrx_word' id='word_1_150' title='bbox 808 2143 937 2217; x_wconf 69' lang='lat' dir='ltr'><strong><em>periculo,</em></strong></span> <span class='ocrx_word' id='word_1_151' title='bbox 948 2146 1102 2216; x_wconf 79' lang='lat' dir='ltr'><strong><em>quesiensu</em></strong></span> 
     </span>
     <span class='ocr_line' id='line_1_24' title="bbox 297 2219 1102 2294; baseline -0.004 -16"><span class='ocrx_word' id='word_1_152' title='bbox 297 2222 440 2287; x_wconf 85' lang='lat' dir='ltr'><strong><em>evenisset,</em></strong></span> <span class='ocrx_word' id='word_1_153' title='bbox 452 2230 482 2278; x_wconf 92' lang='lat' dir='ltr'><strong><em>ut</em></strong></span> <span class='ocrx_word' id='word_1_154' title='bbox 492 2222 610 2294; x_wconf 82' lang='lat' dir='ltr'><strong><em>quisque</em></strong></span> <span class='ocrx_word' id='word_1_155' title='bbox 620 2229 764 2293; x_wconf 81' lang='lat' dir='ltr'><strong><em>acceperet,</em></strong></span> <span class='ocrx_word' id='word_1_156' title='bbox 775 2220 917 2276; x_wconf 88' lang='lat' dir='ltr'><strong><em>decurrere</em></strong></span> <span class='ocrx_word' id='word_1_157' title='bbox 928 2219 963 2274; x_wconf 86' lang='lat' dir='ltr'><strong><em>ed</em></strong></span> <span class='ocrx_word' id='word_1_158' title='bbox 973 2219 1050 2275; x_wconf 87' lang='lat' dir='ltr'><strong><em>litus.</em></strong></span> <span class='ocrx_word' id='word_1_159' title='bbox 1072 2221 1102 2275; x_wconf 86' lang='lat' dir='ltr'><strong><em>ili</em></strong></span> 
     </span>
     <span class='ocr_line' id='line_1_25' title="bbox 222 2294 1100 2367; baseline -0.002 -15"><span class='ocrx_word' id='word_1_160' title='bbox 222 2316 225 2325; x_wconf 94' lang='lat'>·</span> <span class='ocrx_word' id='word_1_161' title='bbox 296 2296 411 2352; x_wconf 89' lang='lat' dir='ltr'><strong><em>molium</em></strong></span> <span class='ocrx_word' id='word_1_162' title='bbox 420 2297 539 2352; x_wconf 86' lang='lat' dir='ltr'><strong><em>obiectus</em></strong></span> <span class='ocrx_word' id='word_1_163' title='bbox 550 2338 556 2362; x_wconf 91' lang='lat'><strong><em>,</em></strong></span> <span class='ocrx_word' id='word_1_164' title='bbox 572 2297 601 2351; x_wconf 91' lang='lat' dir='ltr'><strong><em>hi</em></strong></span> <span class='ocrx_word' id='word_1_165' title='bbox 611 2297 749 2367; x_wconf 81' lang='lat' dir='ltr'><strong><em>proximus</em></strong></span> <span class='ocrx_word' id='word_1_166' title='bbox 759 2295 872 2367; x_wconf 84' lang='lat' dir='ltr'><strong><em>seephes</em></strong></span> <span class='ocrx_word' id='word_1_167' title='bbox 880 2294 1024 2350; x_wconf 77' lang='lat' dir='ltr'><strong><em>scandere:</em></strong></span> <span class='ocrx_word' id='word_1_168' title='bbox 1045 2295 1100 2360; x_wconf 84' lang='lat' dir='ltr'><strong><em>ulii,</em></strong></span> 
     </span>
     <span class='ocr_line' id='line_1_26' title="bbox 297 2368 1102 2444; baseline -0.002 -18"><span class='ocrx_word' id='word_1_169' title='bbox 297 2377 430 2444; x_wconf 82' lang='lat' dir='ltr'><strong><em>quantum</em></strong></span> <span class='ocrx_word' id='word_1_170' title='bbox 439 2386 536 2441; x_wconf 89' lang='lat' dir='ltr'><strong><em>eorpus</em></strong></span> <span class='ocrx_word' id='word_1_171' title='bbox 545 2371 665 2437; x_wconf 88' lang='lat' dir='ltr'><strong><em>einebet,</em></strong></span> <span class='ocrx_word' id='word_1_172' title='bbox 676 2371 773 2427; x_wconf 80' lang='lat' dir='ltr'><strong><em>vedere</em></strong></span> <span class='ocrx_word' id='word_1_173' title='bbox 782 2371 811 2425; x_wconf 91' lang='lat' dir='ltr'><strong><em>in</em></strong></span> <span class='ocrx_word' id='word_1_174' title='bbox 821 2387 909 2434; x_wconf 84' lang='lat' dir='ltr'><strong><em>mere,</em></strong></span> <span class='ocrx_word' id='word_1_175' title='bbox 920 2368 1035 2442; x_wconf 80' lang='lat' dir='ltr'><strong><em>quidem</em></strong></span> <span class='ocrx_word' id='word_1_176' title='bbox 1046 2388 1102 2425; x_wconf 86' lang='lat' dir='ltr'><strong><em>me·</em></strong></span> 
     </span>
     <span class='ocr_line' id='line_1_27' title="bbox 297 2443 1103 2517; baseline -0.002 -15"><span class='ocrx_word' id='word_1_177' title='bbox 297 2464 350 2502; x_wconf 91' lang='lat' dir='ltr'><strong><em>nus</em></strong></span> <span class='ocrx_word' id='word_1_178' title='bbox 364 2443 532 2517; x_wconf 85' lang='lat' dir='ltr'><strong><em>protendere:</em></strong></span> <span class='ocrx_word' id='word_1_179' title='bbox 553 2446 711 2515; x_wconf 78' lang='lat' dir='ltr'><strong><em>questibus,</em></strong></span> <span class='ocrx_word' id='word_1_180' title='bbox 723 2446 807 2510; x_wconf 87' lang='lat' dir='ltr'><strong><em>vetis,</em></strong></span> <span class='ocrx_word' id='word_1_181' title='bbox 818 2443 934 2500; x_wconf 79' lang='lat' dir='ltr'><strong><em>elamore</em></strong></span> <span class='ocrx_word' id='word_1_182' title='bbox 942 2444 1052 2499; x_wconf 79' lang='lat' dir='ltr'><strong><em>diuersa</em></strong></span> <span class='ocrx_word' id='word_1_183' title='bbox 1061 2463 1103 2500; x_wconf 91' lang='lat' dir='ltr'><strong><em>ro-</em></strong></span> 
     </span>
     <span class='ocr_line' id='line_1_28' title="bbox 296 2519 1102 2597; baseline -0.002 -20"><span class='ocrx_word' id='word_1_184' title='bbox 296 2521 450 2597; x_wconf 80' lang='lat' dir='ltr'><strong><em>gitantium,</em></strong></span> <span class='ocrx_word' id='word_1_185' title='bbox 464 2524 510 2573; x_wconf 86' lang='lat' dir='ltr'><strong><em>eut</em></strong></span> <span class='ocrx_word' id='word_1_186' title='bbox 520 2519 620 2573; x_wconf 82' lang='lat' dir='ltr'><strong><em>incerta</em></strong></span> <span class='ocrx_word' id='word_1_187' title='bbox 628 2521 859 2590; x_wconf 89' lang='lat' dir='ltr'><strong><em>respondentium,</em></strong></span> <span class='ocrx_word' id='word_1_188' title='bbox 872 2520 963 2575; x_wconf 87' lang='lat' dir='ltr'><strong><em>omnis</em></strong></span> <span class='ocrx_word' id='word_1_189' title='bbox 971 2535 1019 2575; x_wconf 82' lang='lat' dir='ltr'><strong><em>cre</em></strong></span> <span class='ocrx_word' id='word_1_190' title='bbox 1028 2537 1102 2575; x_wconf 91' lang='lat' dir='ltr'><strong><em>eom-</em></strong></span> 
     </span>
     <span class='ocr_line' id='line_1_29' title="bbox 296 2593 1099 2671; baseline -0.004 -19"><span class='ocrx_word' id='word_1_191' title='bbox 296 2596 379 2671; x_wconf 87' lang='lat' dir='ltr'><strong><em>pleri;</em></strong></span> <span class='ocrx_word' id='word_1_192' title='bbox 391 2593 506 2651; x_wconf 81' lang='lat' dir='ltr'><strong><em>adfluere</em></strong></span> <span class='ocrx_word' id='word_1_193' title='bbox 513 2593 609 2666; x_wconf 79' lang='lat' dir='ltr'><strong><em>ingens</em></strong></span> <span class='ocrx_word' id='word_1_194' title='bbox 618 2594 762 2650; x_wconf 85' lang='lat' dir='ltr'><strong><em>multitude</em></strong></span> <span class='ocrx_word' id='word_1_195' title='bbox 771 2612 833 2650; x_wconf 89' lang='lat' dir='ltr'><strong><em>cum</em></strong></span> <span class='ocrx_word' id='word_1_196' title='bbox 842 2593 1003 2649; x_wconf 89' lang='lat' dir='ltr'><strong><em>luminibus.</em></strong></span> <span class='ocrx_word' id='word_1_197' title='bbox 1010 2602 1099 2668; x_wconf 85' lang='lat' dir='ltr'><strong><em>etque,</em></strong></span> 
     </span>
     <span class='ocr_line' id='line_1_30' title="bbox 297 2668 1100 2743; baseline -0.004 -16"><span class='ocrx_word' id='word_1_198' title='bbox 297 2671 346 2727; x_wconf 90' lang='lat' dir='ltr'><strong><em>ubi</em></strong></span> <span class='ocrx_word' id='word_1_199' title='bbox 361 2669 523 2727; x_wconf 88' lang='lat' dir='ltr'><strong><em>ineolumem</em></strong></span> <span class='ocrx_word' id='word_1_200' title='bbox 537 2682 597 2722; x_wconf 89' lang='lat' dir='ltr'><strong><em>esse</em></strong></span> <span class='ocrx_word' id='word_1_201' title='bbox 608 2670 757 2739; x_wconf 86' lang='lat' dir='ltr'><strong><em>pernotuit,</em></strong></span> <span class='ocrx_word' id='word_1_202' title='bbox 769 2677 800 2724; x_wconf 89' lang='lat' dir='ltr'><strong><em>ut</em></strong></span> <span class='ocrx_word' id='word_1_203' title='bbox 809 2669 843 2724; x_wconf 84' lang='lat' dir='ltr'><strong><em>ed</em></strong></span> <span class='ocrx_word' id='word_1_204' title='bbox 852 2668 1028 2743; x_wconf 68' lang='lat' dir='ltr'><strong><em>gratandum,</em></strong></span> <span class='ocrx_word' id='word_1_205' title='bbox 1044 2687 1100 2725; x_wconf 79' lang='lat' dir='ltr'><strong><em>sese</em></strong></span> 
     </span>
    </p>
   </div>
   <div class='ocr_carea' id='block_1_3' title="bbox 191 2742 1099 3041">
    <p class='ocr_par' dir='ltr' id='par_1_3' title="bbox 191 2742 1099 3041">
     <span class='ocr_line' id='line_1_31' title="bbox 298 2742 1099 2818; baseline -0.002 -17"><span class='ocrx_word' id='word_1_206' title='bbox 298 2746 436 2817; x_wconf 85' lang='lat' dir='ltr'><strong><em>expedire,</em></strong></span> <span class='ocrx_word' id='word_1_207' title='bbox 452 2744 535 2800; x_wconf 90' lang='lat' dir='ltr'><strong><em>denec</em></strong></span> <span class='ocrx_word' id='word_1_208' title='bbox 544 2742 671 2815; x_wconf 78' lang='lat' dir='ltr'><strong><em>adspectu</em></strong></span> <span class='ocrx_word' id='word_1_209' title='bbox 680 2746 775 2798; x_wconf 87' lang='lat' dir='ltr'><strong><em>ermeti</em></strong></span> <span class='ocrx_word' id='word_1_210' title='bbox 785 2751 812 2799; x_wconf 92' lang='lat' dir='ltr'><strong><em>et</em></strong></span> <span class='ocrx_word' id='word_1_211' title='bbox 821 2745 970 2799; x_wconf 80' lang='lat' dir='ltr'><strong><em>minitantis</em></strong></span> <span class='ocrx_word' id='word_1_212' title='bbox 984 2746 1099 2818; x_wconf 78' lang='lat' dir='ltr'><strong><em>agminis</em></strong></span> 
     </span>
     <span class='ocr_line' id='line_1_32' title="bbox 192 2816 1099 2886; baseline -0.002 -10"><span class='ocrx_word' id='word_1_213' title='bbox 192 2837 209 2862; x_wconf 68' lang='lat'><em>⁶</em></span> <span class='ocrx_word' id='word_1_214' title='bbox 298 2821 401 2877; x_wconf 89' lang='lat' dir='ltr'><strong><em>disiecti</em></strong></span> <span class='ocrx_word' id='word_1_215' title='bbox 411 2828 484 2875; x_wconf 84' lang='lat' dir='ltr'><strong><em>sunt.</em></strong></span> <span class='ocrx_word' id='word_1_216' title='bbox 523 2818 652 2874; x_wconf 78' lang='lat' dir='ltr'><strong><em>Anicetus</em></strong></span> <span class='ocrx_word' id='word_1_217' title='bbox 661 2816 756 2873; x_wconf 80' lang='lat' dir='ltr'><strong><em>villum</em></strong></span> <span class='ocrx_word' id='word_1_218' title='bbox 765 2820 877 2874; x_wconf 72' lang='lat' dir='ltr'><strong><em>cutione</em></strong></span> <span class='ocrx_word' id='word_1_219' title='bbox 885 2819 1099 2886; x_wconf 85' lang='lat' dir='ltr'><strong><em>circumdut‚re·</em></strong></span> 
     </span>
     <span class='ocr_line' id='line_1_33' title="bbox 191 2892 1099 2967; baseline 0 -18"><span class='ocrx_word' id='word_1_220' title='bbox 191 2908 197 2916; x_wconf 92' lang='lat'>·</span> <span class='ocrx_word' id='word_1_221' title='bbox 297 2895 433 2967; x_wconf 79' lang='lat' dir='ltr'><strong><em>fractaque</em></strong></span> <span class='ocrx_word' id='word_1_222' title='bbox 450 2894 545 2958; x_wconf 81' lang='lat' dir='ltr'><strong><em>ianne,</em></strong></span> <span class='ocrx_word' id='word_1_223' title='bbox 566 2894 660 2949; x_wconf 82' lang='lat' dir='ltr'><strong><em>obvioe</em></strong></span> <span class='ocrx_word' id='word_1_224' title='bbox 679 2908 819 2948; x_wconf 85' lang='lat' dir='ltr'><strong><em>servorum</em></strong></span> <span class='ocrx_word' id='word_1_225' title='bbox 836 2892 949 2964; x_wconf 83' lang='lat' dir='ltr'><strong><em>obripit,</em></strong></span> <span class='ocrx_word' id='word_1_226' title='bbox 969 2892 1055 2949; x_wconf 89' lang='lat' dir='ltr'><strong><em>denec</em></strong></span> <span class='ocrx_word' id='word_1_227' title='bbox 1068 2894 1099 2949; x_wconf 85' lang='lat' dir='ltr'><strong><em>ed</em></strong></span> 
     </span>
     <span class='ocr_line' id='line_1_34' title="bbox 298 2967 1099 3041; baseline 0 -18"><span class='ocrx_word' id='word_1_228' title='bbox 298 2968 366 3023; x_wconf 86' lang='lat' dir='ltr'><strong><em>iores</em></strong></span> <span class='ocrx_word' id='word_1_229' title='bbox 377 2968 496 3023; x_wconf 87' lang='lat' dir='ltr'><strong><em>cubiculi</em></strong></span> <span class='ocrx_word' id='word_1_230' title='bbox 507 2968 624 3024; x_wconf 79' lang='lat' dir='ltr'><strong><em>reniret:</em></strong></span> <span class='ocrx_word' id='word_1_231' title='bbox 636 2968 683 3024; x_wconf 89' lang='lat' dir='ltr'><strong><em>cui</em></strong></span> <span class='ocrx_word' id='word_1_232' title='bbox 691 2968 771 3041; x_wconf 83' lang='lat' dir='ltr'><strong><em>pauci</em></strong></span> <span class='ocrx_word' id='word_1_233' title='bbox 781 2967 933 3034; x_wconf 86' lang='lat' dir='ltr'><strong><em>edetebunt,</em></strong></span> <span class='ocrx_word' id='word_1_234' title='bbox 943 2969 1039 3023; x_wconf 82' lang='lat' dir='ltr'><strong><em>ceteris</em></strong></span> <span class='ocrx_word' id='word_1_235' title='bbox 1048 2977 1099 3024; x_wconf 60' lang='lat' dir='ltr'><strong><em>tm</em></strong></span> 
     </span>
    </p>
   </div>
   <div class='ocr_carea' id='block_1_4' title="bbox 0 0 1296 3734">
    <p class='ocr_par' dir='ltr' id='par_1_4' title="bbox 0 0 1296 3734">
     <span class='ocr_line' id='line_1_35' title="bbox 0 0 1296 3734; baseline 0 0"><span class='ocrx_word' id='word_1_236' title='bbox 0 0 1296 3734; x_wconf 95' lang='lat' dir='ltr'><strong><em> </em></strong></span> 
     </span>
    </p>
   </div>
  </div>
 </body>
</html>
