2575 3734
119 514 125 566 ἐ
197 470 324 547 aaut.)
397 480 474 528 nte.
493 481 543 528 x1.
564 484 653 532 cnr.
674 485 715 532 21.
735 485 779 532 aa.
949 482 999 537 239

197 583 250 639 lata
263 582 288 637 ei
300 581 404 653 species
420 581 561 638 muliebria
574 583 644 640 ultra
659 583 770 640 modum
789 583 954 654 humanum,
974 596 1001 643 et

196 657 287 714 audita
298 663 412 712 estvox:
434 659 597 728 tucellufs,
612 664 659 729 qui
668 663 773 714 iubeor
781 665 943 727 muctam
949 679 1001 731 pro

198 734 302 788 consuls
315 735 408 788 renim.
447 731 505 786 Tali
518 735 608 788 omina
620 733 651 789 in
660 749 736 805 spem
746 734 883 799 sublatus,
897 735 1002 808 digres-

197 821 303 878 susque
314 805 345 862 in
356 805 467 871 urbem,
483 813 510 862 et
518 805 657 881 largitione
670 810 832 874 amicorum,
848 809 932 864 simul
946 811 1001 865 acri

197 881 317 956 ingenio,
328 888 510 953 quaesturam,
521 890 547 937 et
555 899 632 949 mox,
645 883 748 938 nobiles
757 884 826 938 inter
835 883 999 950 candidatos,

197 963 351 1030 praeturam
364 956 495 1027 principis
509 956 635 1030 suffragio
651 958 823 1030 adsequitur:
844 975 907 1012 cum
926 959 1002 1013 bisce

198 1031 290 1088 verbis
300 1031 424 1086 Tiberius
432 1029 547 1086 dedecus
558 1031 687 1088 natalium
697 1033 756 1088 eius
766 1031 919 1099 velavisset,
934 1033 1001 1088 θαν-

200 1113 253 1162 tius
262 1107 345 1176 Rupta
358 1109 462 1161 uidetur
474 1109 538 1162 milti
553 1123 588 1160 eor
601 1122 629 1160 ar
639 1103 728 1162 actare
767 1108 858 1181 Longa
866 1116 927 1180 post
936 1107 1002 1162 baec

198 1188 318 1246 senecta,
335 1187 361 1234 et
369 1180 498 1237 adversus
508 1179 660 1252 superiores
668 1181 739 1236 tristi
749 1181 913 1247 adulatione,
924 1183 997 1239 adro

198 1273 267 1330 gans
277 1255 441 1320 minoribus,
452 1255 609 1327 interpatet
617 1254 750 1321 difficilis,
764 1256 903 1312 consulare
914 1257 1001 1328 impe·

200 1332 282 1394 rium,
292 1329 422 1400 triumphi
431 1329 597 1403 insignique
604 1337 738 1402 postrem
743 1329 860 1386 Africam
869 1331 998 1388 obtinuit:

199 1413 281 1477 atque
290 1404 329 1458 ibi
338 1403 489 1469 defunctus,
501 1404 579 1459 fatale
586 1406 757 1478 praesagium
766 1405 888 1477 inplevit.

255 1481 299 1536 22.
319 1479 419 1534 Interea
433 1479 544 1544 Romae,
565 1477 649 1534 nullis
661 1478 766 1552 palem,
786 1495 875 1552 neque
888 1481 1000 1554 cognitis

199 1571 265 1620 mox
273 1555 386 1618 caussis,
398 1551 448 1610 Cn.
458 1554 572 1620 Nonius,
582 1570 666 1626 eques
674 1555 821 1620 Romanus,
835 1553 904 1610 ferro
913 1556 1002 1609 accin-
1074 1599 1076 1605 .

199 1637 260 1685 ctus
270 1629 401 1700 reperitur
409 1629 439 1682 in
448 1636 523 1683 coetu
533 1627 707 1684 salutantium
720 1629 881 1700 principem.
920 1629 999 1693 Nam,

199 1712 343 1777 postquam
357 1704 493 1760 tormentis
506 1703 698 1769 dilaniabatur,
713 1704 748 1758 de
759 1719 789 1757 se
801 1720 855 1757 non
867 1700 1001 1756 inficiatus

200 1779 321 1836 conscios
335 1795 387 1834 non
402 1777 498 1844 edidit,
518 1779 652 1832 incertum
667 1794 702 1832 an
717 1776 863 1832 occultans.
902 1775 1001 1831 lisdem

201 1851 360 1910 consulibus
369 1852 399 1907 P.
410 1851 543 1908 Dolabella
553 1851 672 1916 censuit,
686 1855 862 1920 spectaculum
870 1853 1002 1920 plcdicto-

198 1946 261 1984 rrtm
270 1946 320 1997 per
333 1943 420 1982 omnes
432 1943 515 1982 cocos
528 1929 710 1981 celebrandum
715 1931 828 1994 pecunia
837 1943 939 1990 eorum,
956 1927 1005 1995 qui

199 2011 368 2074 quaesturam
380 2005 593 2069 adipiscerentur.
631 1998 712 2072 Apud
727 2000 844 2069 maiores,
853 2000 962 2056 virtutis
973 1999 1002 2054 id

197 2077 351 2150 praemium
362 2075 459 2141 luerat,
474 2076 631 2148 cunctisque
640 2076 756 2141 civium,
771 2075 796 2131 si
810 2075 888 2130 bonis
898 2075 1001 2129 artibus

199 2152 325 2217 fiderent,
341 2151 445 2206 licitum
456 2158 545 2223 petere
557 2151 744 2224 magistratus:
765 2167 797 2204 ac
809 2167 848 2204 ne¹
857 2156 927 2205 aetas
939 2149 1002 2221 qui·

199 2226 263 2282 dem
276 2225 503 2300 distinguebatur,
525 2225 593 2298 quin
608 2225 697 2297 prima
710 2225 818 2281 iuventa
832 2223 1001 2279 consulatum

199 2318 231 2356 ac
240 2300 398 2356 dictaturam
408 2301 515 2355 inirent.
554 2297 606 2354 Sed
615 2307 783 2372 quaestores,
798 2299 908 2372 regibus
921 2300 1000 2353 etiam

197 2383 260 2431 tum
278 2374 487 2446 imperantibus,
511 2374 626 2430 instituti
645 2381 722 2430 sunt:
748 2373 821 2446 q'uod
839 2373 883 2429 lex
901 2374 1001 2428 curiata

198 2449 328 2514 ostendit,
341 2449 378 2508 ,ab
386 2449 417 2504 t.
429 2449 509 2504 Bruto
523 2450 640 2521 repetita.
680 2449 833 2520 Mansitque
844 2447 1002 2503 oonsulibus

197 2531 315 2598 potestas
324 2523 471 2597 deligendi,
486 2522 570 2578 donec
583 2539 646 2578 eum
659 2539 768 2596 quoque
778 2523 906 2578 bonorem
915 2537 1002 2592 popu—

199 2601 245 2656 lus
259 2597 406 2654 mandaret.
445 2597 585 2670 Creatique
598 2599 719 2670 primum
729 2596 851 2654 Valerius
860 2595 963 2649 Potitus
976 2602 1003 2648 et

197 2673 333 2731 Aemilius
343 2673 502 2738 Mamercus,
511 2673 606 2727 LXlll'.
618 2689 688 2728 anno
698 2679 760 2744 post
769 2669 929 2743 Tarquinios
940 2685 1004 2724 axa-

198 2758 266 2814 ctos,
277 2755 309 2804 ut
317 2765 375 2804 rem
385 2747 528 2803 militarem
538 2747 735 2803 comitarentur.
774 2747 852 2810 Dein,
865 2743 1004 2818 gliscenti-

197 2825 254 2880 bus
267 2821 395 2898 negotiis,
411 2821 465 2878 duo
478 2821 574 2888 additi,
593 2822 642 2894 qui
657 2822 756 2877 Romae
769 2827 902 2876 curarent.
940 2819 1001 2873 blox

198 2897 353 2970 duplicatum
367 2913 513 2962 numerus,
530 2896 702 2967 stipendiaria
716 2898 771 2951 iam
785 2895 875 2960 ltalia,
891 2900 916 2948 et
929 2909 1002 2947 aoce-

197 2971 327 3030 dentibus
336 2972 535 3046 provinciarum
545 2969 728 3046 vectigalibus.
752 2971 823 3043 Post,
835 2968 894 3042 lege
902 2966 1002 3040 Syllae,
