2575 3734
294 499 344 552 t'tt
569 501 803 550 aunanruu
953 490 1089 566 (unam
1165 519 1166 540 1

293 605 417 661 Turesim
430 602 633 660 distrahebatur.
671 600 782 673 Utrique
795 599 965 668 destinatum,
981 617 1046 657 eum
1056 601 1093 657 li-

292 680 394 736 bertate
405 679 536 735 cocidere:
556 677 605 733 sed
617 677 698 732 Terea
712 691 855 747 properum
870 676 961 737 linem.
977 677 1093 732 abrum-

1150 287 1165 334 'l

293 754 395 827 pendas
408 756 506 825 pariter
519 769 581 825 spes
593 769 626 806 ao
636 759 735 816 metus,
750 749 899 816 clamitans,
912 750 985 806 dedit
997 768 1094 808 exem-
1166 767 1167 810 t

292 829 381 902 plum,
395 829 513 883 demisso
524 828 554 882 in
567 834 660 898 peetus
674 825 753 881 ferro.
790 825 846 880 Neo
858 823 974 890 defuere,
985 827 1036 897 qui
1045 843 1094 881 eo-
1166 827 1167 830 ’

294 905 356 959 dem
365 903 444 958 modo
449 909 612 973 oppeterent.
644 899 753 956 Turesis
762 915 812 954 sua
820 915 881 954 oum
891 917 973 954 manu
984 907 1092 955 noctem

294 979 440 1050 opperitur,
459 976 532 1031 haud
549 977 638 1031 neseio
657 974 725 1030 duee
737 982 834 1030 nostro.
873 973 957 1048 Igitur
969 974 1095 1029 firmatae

295 1053 420 1108 stationes
428 1050 597 1106 densioribus
604 1049 701 1123 globis.
728 1049 762 1103 Et
771 1049 911 1124 ingruebat
920 1065 982 1114 nox,
995 1050 1094 1105 nimbo

294 1135 379 1191 auox,
390 1125 538 1196 hostisque,
548 1123 662 1181 elamore
671 1123 871 1189 turbido,modo
878 1139 926 1196 per
934 1131 1042 1179 vastum
1051 1126 1097 1180 si-

294 1199 417 1264 lentium,
438 1199 550 1256 incertos
568 1199 721 1256 obsesmres
740 1198 871 1254 elieserat:
895 1215 957 1253 eum
972 1196 1095 1255 Sabinus

294 1269 445 1339 circumire,
456 1273 565 1340 huon,
575 1291 607 1329 oe
615 1279 651 1330 nd
660 1277 781 1343 emitque
789 1278 949 1337 sonitusout
956 1277 1096 1330 rimulam-

295 1366 368 1404 ooem
387 1353 488 1418 quietis,
509 1366 598 1404 nusum
613 1351 798 1405 insidientibue
814 1352 958 1424 aperirent,
977 1353 1023 1403 aed
1040 1366 1096 1404 sua

265 1480 268 1486 ,
285 1429 403 1494 'quispe
415 1427 505 1478 munta
518 1428 763 1488 nomenniomen,
777 1426 883 1494 telisque
895 1439 948 1478 non
956 1427 984 1478 iu
992 1425 1097 1493 fulsum

295 1503 381 1554 iestis.

350 1574 394 1629 bl.
414 1572 514 1627 Interea
527 1572 633 1629 barbari
647 1574 758 1629 mtersis
771 1571 953 1637 deeurrentes,
973 1587 1049 1628 nune
1061 1573 1095 1628 in

297 1647 400 1704 vallum
412 1647 547 1703 manualia
559 1665 633 1714 saxa,
645 1657 783 1720 praeustas
797 1647 888 1713 eudes,
898 1646 987 1702 decisa
996 1647 1095 1702 robora

296 1724 395 1779 insere:
415 1722 622 1796 nunevirgultis
635 1730 662 1778 et
674 1723 791 1778 cratibus
800 1730 825 1778 et
834 1721 988 1794 norporibus
997 1723 1096 1776 exani-

297 1800 351 1854 mis
360 1797 492 1870 oomplere
500 1796 597 1854 fossas:
617 1797 739 1871 quidam,
750 1805 842 1870 pontes
852 1805 878 1852 et
886 1796 971 1852 scales
982 1803 1043 1851 ante
1052 1795 1096 1851 la-

298 1873 401 1940 briesti,
415 1872 514 1928 inierre
527 1872 748 1948 propugnaculis,
764 1887 848 1946 enque
858 1888 994 1944 prensare,
1004 1870 1097 1926 detra-

298 1949 370 2013 lrere,
380 1955 408 2002 et
415 1948 545 2004 adversus
553 1949 700 2004 resistentis
709 1949 831 2003 eominus
841 1947 904 2002 niti:
916 1946 994 2001 miles
1001 1955 1096 2002 eontra

297 2021 437 2078 deturbare
450 2022 519 2088 telis,
534 2022 633 2095 pellere
645 2023 818 2086 umbonibus,
830 2021 943 2077 muralia
952 2021 1017 2093 pile,
1027 2037 1096 2076 oon-

298 2104 386 2171 gastas
395 2095 515 2168 lepidum
524 2097 608 2154 moles
617 2098 781 2170 provolvere.
811 2098 858 2152 llis
867 2105 956 2170 partae
966 2097 1096 2152 uictoriae

298 2187 370 2242 spes,
382 2179 416 2235 et,
431 2171 455 2225 si
465 2171 567 2238 eedent,
580 2174 736 2247 insignitius
745 2171 888 2246 flagitium
909 2171 1095 2227 illis'extrema

298 2247 353 2300 iam
361 2244 446 2311 selus,
457 2254 483 2300 et
495 2247 651 2303 adsistentes
663 2247 800 2320 plerisque
808 2255 906 2303 matres
918 2255 945 2302 et
953 2247 1094 2321 ooniuges,

298 2337 446 2393 earumque
454 2319 568 2376 lementa
577 2321 679 2378 addunt
688 2322 800 2378 animos.
833 2323 893 2378 Nox
901 2321 962 2378 aliis
971 2321 999 2376 in
1010 2321 1097 2377 auda-

299 2397 378 2459 mam,
399 2394 460 2450 aliis
478 2394 512 2450 ed
526 2394 695 2452 formidinem
713 2405 874 2470 opportuna:
898 2397 991 2452 inserti
1011 2397 1094 2464 intus,

298 2467 410 2525 uulnera
423 2469 573 2542 inprouisa:
598 2487 710 2527 suorum
724 2480 803 2545 atque
817 2471 935 2528 bostium
948 2472 1093 2546 ignoratlot

299 2553 325 2600 et
339 2545 436 2602 montis
450 2543 570 2600 anbuotu
582 2562 761 2618 repercussae,
783 2546 885 2603 reluta
898 2555 980 2621 tergo,
1003 2563 1094 2614 voees,

299 2618 365 2676 eden
377 2628 471 2676 cunda
487 2621 659 2686 miscuerant,
674 2627 705 2676 ut
717 2621 847 2695 quaedam
861 2623 1028 2677 munimenta
1039 2622 1097 2678 Ro·

299 2695 1097 2844 *mtttifflttbtttittltttttttt

299 2847 501 2916 promptissimo
512 2861 622 2918 quoque
636 2853 683 2901 aut
696 2847 795 2913 saucio,
810 2848 946 2918 adpetente
959 2848 1013 2902 iam
1023 2845 1094 2912 lune,

300 2927 404 2973 trusere
413 2920 442 2974 in
450 2937 558 2974 summa
566 2919 681 2991 mstel1i3
709 2921 758 2978 ubi
768 2921 873 2976 tandem
883 2929 970 2986 ennete,
979 2921 1093 2976 deditio:

300 3000 327 3048 et
342 2995 465 3066 proxima
481 2994 576 3082 sponte
587 2995 735 3054 insularum
748 3004 859 3069 resepts.
897 2995 1029 3069 Reliquis,
1040 3011 1097 3069 quo
