<?xml version="1.0" encoding="UTF-8"?>
<!DOCTYPE html PUBLIC "-//W3C//DTD XHTML 1.0 Transitional//EN"
    "http://www.w3.org/TR/xhtml1/DTD/xhtml1-transitional.dtd">
<html xmlns="http://www.w3.org/1999/xhtml" xml:lang="en" lang="en">
 <head>
  <title>
</title>
<meta http-equiv="Content-Type" content="text/html;charset=utf-8" />
  <meta name='ocr-system' content='tesseract 3.04.00' />
  <meta name='ocr-capabilities' content='ocr_page ocr_carea ocr_par ocr_line ocrx_word'/>
</head>
<body>
  <div class='ocr_page' id='page_1' title='image "./operaquoadextan02tacigoog_0054.png"; bbox 0 0 2575 3734; ppageno 0'>
   <div class='ocr_carea' id='block_1_1' title="bbox 288 481 1089 556">
    <p class='ocr_par' dir='ltr' id='par_1_1' title="bbox 288 481 1089 556">
     <span class='ocr_line' id='line_1_1' title="bbox 288 481 1089 556; baseline 0 -16"><span class='ocrx_word' id='word_1_1' title='bbox 288 487 321 540; x_wconf 79' lang='lat' dir='ltr'>lt</span> <span class='ocrx_word' id='word_1_2' title='bbox 568 491 804 538; x_wconf 74' lang='lat' dir='ltr'>euunnrurr</span> <span class='ocrx_word' id='word_1_3' title='bbox 949 481 1089 556; x_wconf 59' lang='lat' dir='ltr'>(aneos,</span> 
     </span>
    </p>
   </div>
   <div class='ocr_carea' id='block_1_2' title="bbox 278 590 1170 2755">
    <p class='ocr_par' dir='ltr' id='par_1_2' title="bbox 278 590 1170 2078">
     <span class='ocr_line' id='line_1_2' title="bbox 344 590 1092 665; baseline -0.003 -18"><span class='ocrx_word' id='word_1_4' title='bbox 344 591 388 648; x_wconf 80' lang='lat'>72.</span> <span class='ocrx_word' id='word_1_5' title='bbox 408 591 514 646; x_wconf 75' lang='lat' dir='ltr'><strong>Decreta</strong></span> <span class='ocrx_word' id='word_1_6' title='bbox 527 608 559 647; x_wconf 91' lang='lat' dir='ltr'>ec</span> <span class='ocrx_word' id='word_1_7' title='bbox 574 608 645 647; x_wconf 85' lang='lat' dir='ltr'>anno</span> <span class='ocrx_word' id='word_1_8' title='bbox 658 591 830 663; x_wconf 78' lang='lat' dir='ltr'>triumphalia</span> <span class='ocrx_word' id='word_1_9' title='bbox 845 592 962 665; x_wconf 80' lang='lat' dir='ltr'>insignia</span> <span class='ocrx_word' id='word_1_10' title='bbox 975 591 1009 647; x_wconf 84' lang='lat' dir='ltr'>A.</span> <span class='ocrx_word' id='word_1_11' title='bbox 1021 590 1092 646; x_wconf 84' lang='lat' dir='ltr'>Cae-</span> 
     </span>
     <span class='ocr_line' id='line_1_3' title="bbox 288 665 1093 740; baseline 0.002 -21"><span class='ocrx_word' id='word_1_12' title='bbox 288 666 373 731; x_wconf 81' lang='lat' dir='ltr'>cinae,</span> <span class='ocrx_word' id='word_1_13' title='bbox 384 665 416 720; x_wconf 87' lang='lat' dir='ltr'>L.</span> <span class='ocrx_word' id='word_1_14' title='bbox 426 665 553 738; x_wconf 76' lang='lat' dir='ltr'>Apronio,</span> <span class='ocrx_word' id='word_1_15' title='bbox 565 665 596 722; x_wconf 85' lang='lat' dir='ltr'>c.</span> <span class='ocrx_word' id='word_1_16' title='bbox 606 665 686 731; x_wconf 91' lang='lat' dir='ltr'>Silio,</span> <span class='ocrx_word' id='word_1_17' title='bbox 697 666 732 721; x_wconf 91' lang='lat' dir='ltr'>ob</span> <span class='ocrx_word' id='word_1_18' title='bbox 741 682 784 720; x_wconf 89' lang='lat' dir='ltr'>res</span> <span class='ocrx_word' id='word_1_19' title='bbox 796 683 857 721; x_wconf 91' lang='lat' dir='ltr'>cum</span> <span class='ocrx_word' id='word_1_20' title='bbox 868 667 1027 722; x_wconf 87' lang='lat' dir='ltr'>Germanico</span> <span class='ocrx_word' id='word_1_21' title='bbox 1039 683 1093 740; x_wconf 82' lang='lat' dir='ltr'>ge-</span> 
     </span>
     <span class='ocr_line' id='line_1_4' title="bbox 288 740 1092 813; baseline 0.001 -18"><span class='ocrx_word' id='word_1_22' title='bbox 288 748 353 795; x_wconf 84' lang='lat' dir='ltr'>stas.</span> <span class='ocrx_word' id='word_1_23' title='bbox 389 740 492 796; x_wconf 89' lang='lat' dir='ltr'>Nomen</span> <span class='ocrx_word' id='word_1_24' title='bbox 500 741 583 812; x_wconf 89' lang='lat' dir='ltr'>patris</span> <span class='ocrx_word' id='word_1_25' title='bbox 592 743 692 813; x_wconf 87' lang='lat' dir='ltr'>patriae</span> <span class='ocrx_word' id='word_1_26' title='bbox 702 740 968 812; x_wconf 84' lang='lat' dir='ltr'>Tiberius,apopulo</span> <span class='ocrx_word' id='word_1_27' title='bbox 978 741 1092 813; x_wconf 88' lang='lat' dir='ltr'>saepius</span> 
     </span>
     <span class='ocr_line' id='line_1_5' title="bbox 288 815 1095 892; baseline 0.002 -24"><span class='ocrx_word' id='word_1_28' title='bbox 288 815 433 892; x_wconf 77' lang='lat' dir='ltr'>ingestum,</span> <span class='ocrx_word' id='word_1_29' title='bbox 445 815 608 886; x_wconf 73' lang='lat' dir='ltr'>repudiavit,</span> <span class='ocrx_word' id='word_1_30' title='bbox 626 831 715 888; x_wconf 86' lang='lat' dir='ltr'>neque</span> <span class='ocrx_word' id='word_1_31' title='bbox 724 816 754 870; x_wconf 90' lang='lat' dir='ltr'>in</span> <span class='ocrx_word' id='word_1_32' title='bbox 763 823 819 870; x_wconf 90' lang='lat' dir='ltr'>acta</span> <span class='ocrx_word' id='word_1_33' title='bbox 828 833 877 870; x_wconf 85' lang='lat' dir='ltr'>sua</span> <span class='ocrx_word' id='word_1_34' title='bbox 886 816 977 880; x_wconf 85' lang='lat' dir='ltr'>iurari,</span> <span class='ocrx_word' id='word_1_35' title='bbox 989 833 1095 887; x_wconf 88' lang='lat' dir='ltr'>quam-</span> 
     </span>
     <span class='ocr_line' id='line_1_6' title="bbox 288 890 1094 962; baseline 0 -18"><span class='ocrx_word' id='word_1_36' title='bbox 288 905 371 960; x_wconf 83' lang='lat' dir='ltr'>quem</span> <span class='ocrx_word' id='word_1_37' title='bbox 381 897 503 944; x_wconf 87' lang='lat' dir='ltr'>censente</span> <span class='ocrx_word' id='word_1_38' title='bbox 511 898 615 956; x_wconf 87' lang='lat' dir='ltr'>senatu,</span> <span class='ocrx_word' id='word_1_39' title='bbox 625 890 761 962; x_wconf 83' lang='lat' dir='ltr'>permisit:</span> <span class='ocrx_word' id='word_1_40' title='bbox 782 893 1033 946; x_wconf 83' lang='lat' dir='ltr'>ecoctcmcrtolicm</span> <span class='ocrx_word' id='word_1_41' title='bbox 1044 895 1094 944; x_wconf 84' lang='lat' dir='ltr'>in·</span> 
     </span>
     <span class='ocr_line' id='line_1_7' title="bbox 289 967 1094 1034; baseline 0.001 -17"><span class='ocrx_word' id='word_1_42' title='bbox 289 972 374 1031; x_wconf 86' lang='lat' dir='ltr'>certc;</span> <span class='ocrx_word' id='word_1_43' title='bbox 393 972 539 1033; x_wconf 61' lang='lat' dir='ltr'>pacemque</span> <span class='ocrx_word' id='word_1_44' title='bbox 549 967 611 1033; x_wconf 80' lang='lat' dir='ltr'>plue</span> <span class='ocrx_word' id='word_1_45' title='bbox 623 969 732 1032; x_wconf 75' lang='grc' dir='ltr'><em>αάορωε</em></span> <span class='ocrx_word' id='word_1_46' title='bbox 743 970 821 1030; x_wconf 76' lang='lat' dir='ltr'>soret,</span> <span class='ocrx_word' id='word_1_47' title='bbox 843 973 914 1018; x_wconf 84' lang='lat' dir='ltr'>tanto</span> <span class='ocrx_word' id='word_1_48' title='bbox 926 981 953 1018; x_wconf 84' lang='lat' dir='ltr'>ec</span> <span class='ocrx_word' id='word_1_49' title='bbox 965 970 1049 1034; x_wconf 72' lang='lat' dir='ltr'>inopie</span> <span class='ocrx_word' id='word_1_50' title='bbox 1061 970 1094 1018; x_wconf 80' lang='lat' dir='ltr'>in</span> 
     </span>
     <span class='ocr_line' id='line_1_8' title="bbox 290 1036 1094 1108; baseline 0.001 -16"><span class='ocrx_word' id='word_1_51' title='bbox 290 1039 390 1108; x_wconf 66' lang='lat' dir='ltr'>tameo</span> <span class='ocrx_word' id='word_1_52' title='bbox 401 1036 533 1093; x_wconf 86' lang='lat' dir='ltr'>dictitans.</span> <span class='ocrx_word' id='word_1_53' title='bbox 571 1039 631 1094; x_wconf 93' lang='lat' dir='ltr'>Non</span> <span class='ocrx_word' id='word_1_54' title='bbox 644 1045 732 1094; x_wconf 89' lang='lat' dir='ltr'>tamen</span> <span class='ocrx_word' id='word_1_55' title='bbox 742 1038 801 1095; x_wconf 93' lang='lat' dir='ltr'>ideo</span> <span class='ocrx_word' id='word_1_56' title='bbox 810 1037 921 1094; x_wconf 84' lang='lat' dir='ltr'>faciebat</span> <span class='ocrx_word' id='word_1_57' title='bbox 929 1037 1008 1093; x_wconf 87' lang='lat' dir='ltr'>fidem</span> <span class='ocrx_word' id='word_1_58' title='bbox 1018 1039 1094 1093; x_wconf 88' lang='lat' dir='ltr'>civi-</span> 
     </span>
     <span class='ocr_line' id='line_1_9' title="bbox 289 1110 1095 1187; baseline 0.005 -22"><span class='ocrx_word' id='word_1_59' title='bbox 289 1110 323 1166; x_wconf 90' lang='lat' dir='ltr'>lis</span> <span class='ocrx_word' id='word_1_60' title='bbox 337 1110 431 1166; x_wconf 87' lang='lat' dir='ltr'>animi.</span> <span class='ocrx_word' id='word_1_61' title='bbox 469 1112 537 1167; x_wconf 88' lang='lat' dir='ltr'>Nam</span> <span class='ocrx_word' id='word_1_62' title='bbox 552 1110 638 1187; x_wconf 84' lang='lat' dir='ltr'>legem</span> <span class='ocrx_word' id='word_1_63' title='bbox 652 1114 795 1168; x_wconf 85' lang='lat' dir='ltr'>maiestatis</span> <span class='ocrx_word' id='word_1_64' title='bbox 807 1113 961 1182; x_wconf 86' lang='lat' dir='ltr'>reduxerat;</span> <span class='ocrx_word' id='word_1_65' title='bbox 980 1113 1026 1168; x_wconf 91' lang='lat' dir='ltr'>oui</span> <span class='ocrx_word' id='word_1_66' title='bbox 1039 1130 1095 1169; x_wconf 89' lang='lat' dir='ltr'>no-</span> 
     </span>
     <span class='ocr_line' id='line_1_10' title="bbox 289 1184 1090 1256; baseline 0.005 -17"><span class='ocrx_word' id='word_1_67' title='bbox 289 1184 535 1256; x_wconf 89' lang='lat' dir='ltr'>menapudveteres</span> <span class='ocrx_word' id='word_1_68' title='bbox 544 1187 680 1252; x_wconf 89' lang='lat' dir='ltr'>idem,sed</span> <span class='ocrx_word' id='word_1_69' title='bbox 690 1187 741 1243; x_wconf 87' lang='lat' dir='ltr'>alia</span> <span class='ocrx_word' id='word_1_70' title='bbox 750 1189 778 1242; x_wconf 90' lang='lat' dir='ltr'>in</span> <span class='ocrx_word' id='word_1_71' title='bbox 788 1187 919 1243; x_wconf 84' lang='lat' dir='ltr'>iudicium</span> <span class='ocrx_word' id='word_1_72' title='bbox 928 1187 1090 1244; x_wconf 81' lang='lat' dir='ltr'>veniebant:</span> 
     </span>
     <span class='ocr_line' id='line_1_11' title="bbox 288 1263 1091 1330; baseline 0.005 -16"><span class='ocrx_word' id='word_1_73' title='bbox 288 1263 384 1329; x_wconf 71' lang='lat' dir='ltr'>ripaeis</span> <span class='ocrx_word' id='word_1_74' title='bbox 393 1265 540 1328; x_wconf 71' lang='lat' dir='ltr'>proditione</span> <span class='ocrx_word' id='word_1_75' title='bbox 555 1266 711 1325; x_wconf 62' lang='lat' dir='ltr'>accitam,</span> <span class='ocrx_word' id='word_1_76' title='bbox 730 1271 778 1317; x_wconf 87' lang='lat' dir='ltr'>out</span> <span class='ocrx_word' id='word_1_77' title='bbox 793 1265 891 1330; x_wconf 79' lang='lat' dir='ltr'><strong><em>plebem</em></strong></span> <span class='ocrx_word' id='word_1_78' title='bbox 908 1266 1091 1328; x_wconf 58' lang='lat' dir='ltr'>seditionibuu</span> 
     </span>
     <span class='ocr_line' id='line_1_12' title="bbox 288 1329 1170 1405; baseline 0.007 -18"><span class='ocrx_word' id='word_1_79' title='bbox 288 1337 398 1402; x_wconf 68' lang='lat' dir='ltr'>deciam</span> <span class='ocrx_word' id='word_1_80' title='bbox 406 1338 553 1404; x_wconf 79' lang='lat' dir='ltr'>melopoeia</span> <span class='ocrx_word' id='word_1_81' title='bbox 562 1340 705 1405; x_wconf 73' lang='lat' dir='ltr'>republica</span> <span class='ocrx_word' id='word_1_82' title='bbox 713 1342 871 1392; x_wconf 81' lang='lat' dir='ltr'>oeciectotem</span> <span class='ocrx_word' id='word_1_83' title='bbox 879 1340 969 1405; x_wconf 82' lang='lat' dir='ltr'>populi</span> <span class='ocrx_word' id='word_1_84' title='bbox 978 1338 1095 1392; x_wconf 78' lang='lat' dir='ltr'>Romane·</span> <span class='ocrx_word' id='word_1_85' title='bbox 1167 1329 1170 1354; x_wconf 76' lang='lat'><strong>⁴</strong></span> 
     </span>
     <span class='ocr_line' id='line_1_13' title="bbox 289 1409 1090 1484; baseline 0.005 -22"><span class='ocrx_word' id='word_1_86' title='bbox 289 1412 431 1464; x_wconf 65' lang='lat' dir='ltr'>mineum.</span> <span class='ocrx_word' id='word_1_87' title='bbox 468 1410 547 1464; x_wconf 84' lang='lat' dir='ltr'>Facta</span> <span class='ocrx_word' id='word_1_88' title='bbox 565 1411 757 1484; x_wconf 73' lang='lat' dir='ltr'>arguebantur,</span> <span class='ocrx_word' id='word_1_89' title='bbox 781 1409 850 1466; x_wconf 85' lang='lat' dir='ltr'>dicta</span> <span class='ocrx_word' id='word_1_90' title='bbox 869 1413 981 1482; x_wconf 88' lang='lat' dir='ltr'>impune</span> <span class='ocrx_word' id='word_1_91' title='bbox 1002 1421 1090 1466; x_wconf 88' lang='lat' dir='ltr'>erant.</span> 
     </span>
     <span class='ocr_line' id='line_1_14' title="bbox 290 1481 1092 1558; baseline 0.005 -22"><span class='ocrx_word' id='word_1_92' title='bbox 290 1483 397 1537; x_wconf 86' lang='lat' dir='ltr'>Primus</span> <span class='ocrx_word' id='word_1_93' title='bbox 406 1481 546 1557; x_wconf 86' lang='lat' dir='ltr'>Augustus</span> <span class='ocrx_word' id='word_1_94' title='bbox 555 1487 732 1558; x_wconf 82' lang='lat' dir='ltr'>cognitionem</span> <span class='ocrx_word' id='word_1_95' title='bbox 743 1485 776 1540; x_wconf 89' lang='lat' dir='ltr'>do</span> <span class='ocrx_word' id='word_1_96' title='bbox 785 1484 893 1541; x_wconf 84' lang='lat' dir='ltr'>famosis</span> <span class='ocrx_word' id='word_1_97' title='bbox 903 1484 1011 1551; x_wconf 88' lang='lat' dir='ltr'>libellis,</span> <span class='ocrx_word' id='word_1_98' title='bbox 1023 1503 1092 1557; x_wconf 83' lang='lat' dir='ltr'>spc-</span> 
     </span>
     <span class='ocr_line' id='line_1_15' title="bbox 290 1555 1094 1630; baseline 0.005 -18"><span class='ocrx_word' id='word_1_99' title='bbox 290 1558 331 1612; x_wconf 85' lang='lat' dir='ltr'>cie</span> <span class='ocrx_word' id='word_1_100' title='bbox 344 1555 411 1630; x_wconf 77' lang='lat' dir='ltr'>legis</span> <span class='ocrx_word' id='word_1_101' title='bbox 425 1559 499 1624; x_wconf 87' lang='lat' dir='ltr'>eius,</span> <span class='ocrx_word' id='word_1_102' title='bbox 514 1561 648 1625; x_wconf 67' lang='lat' dir='ltr'>meavit,</span> <span class='ocrx_word' id='word_1_103' title='bbox 668 1568 816 1616; x_wconf 89' lang='lat' dir='ltr'>commotus</span> <span class='ocrx_word' id='word_1_104' title='bbox 825 1559 910 1616; x_wconf 85' lang='lat' dir='ltr'>Cassii</span> <span class='ocrx_word' id='word_1_105' title='bbox 919 1559 1010 1616; x_wconf 88' lang='lat' dir='ltr'>Severi</span> <span class='ocrx_word' id='word_1_106' title='bbox 1024 1559 1094 1616; x_wconf 91' lang='lat' dir='ltr'>libi-</span> 
     </span>
     <span class='ocr_line' id='line_1_16' title="bbox 289 1631 1095 1706; baseline 0.005 -20"><span class='ocrx_word' id='word_1_107' title='bbox 289 1631 366 1697; x_wconf 86' lang='lat' dir='ltr'>dine,</span> <span class='ocrx_word' id='word_1_108' title='bbox 381 1649 435 1703; x_wconf 90' lang='lat' dir='ltr'>qua</span> <span class='ocrx_word' id='word_1_109' title='bbox 449 1634 521 1688; x_wconf 86' lang='lat' dir='ltr'>viros</span> <span class='ocrx_word' id='word_1_110' title='bbox 535 1634 703 1706; x_wconf 83' lang='lat' dir='ltr'>laminasque</span> <span class='ocrx_word' id='word_1_111' title='bbox 716 1635 843 1690; x_wconf 82' lang='lat' dir='ltr'>inlustres</span> <span class='ocrx_word' id='word_1_112' title='bbox 856 1633 1011 1706; x_wconf 79' lang='lat' dir='ltr'>procacibus</span> <span class='ocrx_word' id='word_1_113' title='bbox 1020 1637 1095 1690; x_wconf 88' lang='lat' dir='ltr'>scri-</span> 
     </span>
     <span class='ocr_line' id='line_1_17' title="bbox 290 1706 1125 1782; baseline 0.007 -22"><span class='ocrx_word' id='word_1_114' title='bbox 290 1707 344 1777; x_wconf 91' lang='lat' dir='ltr'>ptis</span> <span class='ocrx_word' id='word_1_115' title='bbox 353 1706 543 1764; x_wconf 79' lang='lat' dir='ltr'>diffamaverat.</span> <span class='ocrx_word' id='word_1_116' title='bbox 573 1710 635 1765; x_wconf 83' lang='lat' dir='ltr'>Mox</span> <span class='ocrx_word' id='word_1_117' title='bbox 644 1709 777 1775; x_wconf 88' lang='lat' dir='ltr'>Tiberius,</span> <span class='ocrx_word' id='word_1_118' title='bbox 789 1708 953 1773; x_wconf 84' lang='lat' dir='ltr'>consultante</span> <span class='ocrx_word' id='word_1_119' title='bbox 963 1710 1094 1782; x_wconf 87' lang='lat' dir='ltr'>Pompeio</span> <span class='ocrx_word' id='word_1_120' title='bbox 1124 1725 1125 1728; x_wconf 72' lang='grc'>’</span> 
     </span>
     <span class='ocr_line' id='line_1_18' title="bbox 291 1782 1094 1854; baseline 0.004 -18"><span class='ocrx_word' id='word_1_121' title='bbox 291 1782 378 1837; x_wconf 76' lang='lat' dir='ltr'>Macro</span> <span class='ocrx_word' id='word_1_122' title='bbox 396 1791 529 1854; x_wconf 84' lang='lat' dir='ltr'>praetore,</span> <span class='ocrx_word' id='word_1_123' title='bbox 555 1801 590 1839; x_wconf 90' lang='lat' dir='ltr'>an</span> <span class='ocrx_word' id='word_1_124' title='bbox 613 1784 711 1840; x_wconf 91' lang='lat' dir='ltr'>iudicia</span> <span class='ocrx_word' id='word_1_125' title='bbox 733 1785 878 1840; x_wconf 87' lang='lat' dir='ltr'>maiestatis</span> <span class='ocrx_word' id='word_1_126' title='bbox 899 1785 1094 1840; x_wconf 78' lang='lat' dir='ltr'>redderentur?</span> 
     </span>
     <span class='ocr_line' id='line_1_19' title="bbox 278 1858 1095 1932; baseline 0.001 -19"><span class='ocrx_word' id='word_1_127' title='bbox 278 1862 450 1913; x_wconf 70' lang='lat' dir='ltr'>¹exercendos</span> <span class='ocrx_word' id='word_1_128' title='bbox 462 1863 529 1928; x_wconf 67' lang='lat' dir='ltr'>leues</span> <span class='ocrx_word' id='word_1_129' title='bbox 538 1876 600 1924; x_wconf 82' lang='lat' dir='ltr'>erse,</span> <span class='ocrx_word' id='word_1_130' title='bbox 611 1858 756 1931; x_wconf 87' lang='lat' dir='ltr'>respondit.</span> <span class='ocrx_word' id='word_1_131' title='bbox 776 1861 854 1914; x_wconf 91' lang='lat' dir='ltr'>Hunc</span> <span class='ocrx_word' id='word_1_132' title='bbox 863 1877 973 1932; x_wconf 87' lang='lat' dir='ltr'>quoque</span> <span class='ocrx_word' id='word_1_133' title='bbox 981 1876 1095 1931; x_wconf 85' lang='lat' dir='ltr'>aspera-</span> 
     </span>
     <span class='ocr_line' id='line_1_20' title="bbox 291 1933 1094 2008; baseline 0.006 -23"><span class='ocrx_word' id='word_1_134' title='bbox 291 1947 354 1985; x_wconf 86' lang='lat' dir='ltr'>vere</span> <span class='ocrx_word' id='word_1_135' title='bbox 362 1933 490 1997; x_wconf 88' lang='lat' dir='ltr'>carmina,</span> <span class='ocrx_word' id='word_1_136' title='bbox 499 1934 607 1988; x_wconf 90' lang='lat' dir='ltr'>incertis</span> <span class='ocrx_word' id='word_1_137' title='bbox 616 1935 768 1990; x_wconf 88' lang='lat' dir='ltr'>auctoribus</span> <span class='ocrx_word' id='word_1_138' title='bbox 780 1933 896 2008; x_wconf 85' lang='lat' dir='ltr'>vulgata,</span> <span class='ocrx_word' id='word_1_139' title='bbox 909 1935 938 1989; x_wconf 93' lang='lat' dir='ltr'>in</span> <span class='ocrx_word' id='word_1_140' title='bbox 950 1935 1094 1992; x_wconf 76' lang='lat' dir='ltr'>saeuitiam</span> 
     </span>
     <span class='ocr_line' id='line_1_21' title="bbox 292 2005 1064 2078; baseline 0.006 -19"><span class='ocrx_word' id='word_1_141' title='bbox 292 2005 500 2078; x_wconf 82' lang='lat' dir='ltr'>superbiamque</span> <span class='ocrx_word' id='word_1_142' title='bbox 509 2010 567 2062; x_wconf 88' lang='lat' dir='ltr'>eius</span> <span class='ocrx_word' id='word_1_143' title='bbox 576 2017 602 2064; x_wconf 91' lang='lat' dir='ltr'>et</span> <span class='ocrx_word' id='word_1_144' title='bbox 610 2008 758 2066; x_wconf 86' lang='lat' dir='ltr'>discordem</span> <span class='ocrx_word' id='word_1_145' title='bbox 768 2025 831 2063; x_wconf 90' lang='lat' dir='ltr'>cum</span> <span class='ocrx_word' id='word_1_146' title='bbox 840 2011 1064 2065; x_wconf 87' lang='lat' dir='ltr'>matreanimum.</span> 
     </span>
    </p>

    <p class='ocr_par' dir='ltr' id='par_1_3' title="bbox 290 2080 1094 2755">
     <span class='ocr_line' id='line_1_22' title="bbox 346 2080 1094 2154; baseline 0.007 -21"><span class='ocrx_word' id='word_1_147' title='bbox 346 2080 390 2134; x_wconf 82' lang='lat'>73.</span> <span class='ocrx_word' id='word_1_148' title='bbox 406 2080 589 2154; x_wconf 80' lang='lat' dir='ltr'>Haudpigebit</span> <span class='ocrx_word' id='word_1_149' title='bbox 598 2082 694 2138; x_wconf 81' lang='lat' dir='ltr'>referre</span> <span class='ocrx_word' id='word_1_150' title='bbox 704 2085 732 2138; x_wconf 92' lang='lat' dir='ltr'>in</span> <span class='ocrx_word' id='word_1_151' title='bbox 743 2083 850 2140; x_wconf 83' lang='lat' dir='ltr'>Falanio</span> <span class='ocrx_word' id='word_1_152' title='bbox 863 2084 1010 2150; x_wconf 87' lang='lat' dir='ltr'>etRubric,</span> <span class='ocrx_word' id='word_1_153' title='bbox 1030 2101 1094 2138; x_wconf 87' lang='lat' dir='ltr'>mo-</span> 
     </span>
     <span class='ocr_line' id='line_1_23' title="bbox 290 2153 1093 2231; baseline 0.01 -24"><span class='ocrx_word' id='word_1_154' title='bbox 290 2153 358 2208; x_wconf 88' lang='lat' dir='ltr'>dicis</span> <span class='ocrx_word' id='word_1_155' title='bbox 368 2155 505 2225; x_wconf 87' lang='lat' dir='ltr'>equitibus</span> <span class='ocrx_word' id='word_1_156' title='bbox 514 2155 649 2223; x_wconf 83' lang='lat' dir='ltr'>Romanis,</span> <span class='ocrx_word' id='word_1_157' title='bbox 660 2166 819 2228; x_wconf 87' lang='lat' dir='ltr'>praetentata</span> <span class='ocrx_word' id='word_1_158' title='bbox 828 2161 954 2215; x_wconf 89' lang='lat' dir='ltr'>crimina:</span> <span class='ocrx_word' id='word_1_159' title='bbox 973 2168 1010 2224; x_wconf 92' lang='lat' dir='ltr'>ut,</span> <span class='ocrx_word' id='word_1_160' title='bbox 1026 2160 1093 2231; x_wconf 90' lang='lat' dir='ltr'>qui-</span> 
     </span>
     <span class='ocr_line' id='line_1_24' title="bbox 291 2228 1092 2305; baseline 0.007 -23"><span class='ocrx_word' id='word_1_161' title='bbox 291 2228 344 2282; x_wconf 85' lang='lat' dir='ltr'>bus</span> <span class='ocrx_word' id='word_1_162' title='bbox 353 2229 452 2293; x_wconf 91' lang='lat' dir='ltr'>initiis,</span> <span class='ocrx_word' id='word_1_163' title='bbox 469 2238 569 2301; x_wconf 87' lang='lat' dir='ltr'>quanta</span> <span class='ocrx_word' id='word_1_164' title='bbox 579 2230 678 2286; x_wconf 87' lang='lat' dir='ltr'>Tiberii</span> <span class='ocrx_word' id='word_1_165' title='bbox 687 2240 755 2298; x_wconf 88' lang='lat' dir='ltr'>arte,</span> <span class='ocrx_word' id='word_1_166' title='bbox 770 2235 963 2305; x_wconf 83' lang='lat' dir='ltr'>gravissimum</span> <span class='ocrx_word' id='word_1_167' title='bbox 976 2234 1092 2288; x_wconf 84' lang='lat' dir='ltr'>exitium</span> 
     </span>
     <span class='ocr_line' id='line_1_25' title="bbox 291 2303 1092 2378; baseline 0.009 -21"><span class='ocrx_word' id='word_1_168' title='bbox 291 2304 447 2372; x_wconf 85' lang='lat' dir='ltr'>inrepserit,</span> <span class='ocrx_word' id='word_1_169' title='bbox 462 2303 524 2358; x_wconf 91' lang='lat' dir='ltr'>dein</span> <span class='ocrx_word' id='word_1_170' title='bbox 537 2321 690 2376; x_wconf 89' lang='lat' dir='ltr'>repressum</span> <span class='ocrx_word' id='word_1_171' title='bbox 700 2309 748 2368; x_wconf 87' lang='lat' dir='ltr'>sit,</span> <span class='ocrx_word' id='word_1_172' title='bbox 760 2316 893 2378; x_wconf 88' lang='lat' dir='ltr'>postremo</span> <span class='ocrx_word' id='word_1_173' title='bbox 902 2309 1008 2374; x_wconf 87' lang='lat' dir='ltr'>arserit,</span> <span class='ocrx_word' id='word_1_174' title='bbox 1021 2325 1092 2364; x_wconf 91' lang='lat' dir='ltr'>cun-</span> 
     </span>
     <span class='ocr_line' id='line_1_26' title="bbox 291 2379 1093 2449; baseline 0.011 -18"><span class='ocrx_word' id='word_1_175' title='bbox 291 2385 386 2449; x_wconf 85' lang='lat' dir='ltr'>ctaque</span> <span class='ocrx_word' id='word_1_176' title='bbox 398 2379 574 2449; x_wconf 88' lang='lat' dir='ltr'>conripuerit,</span> <span class='ocrx_word' id='word_1_177' title='bbox 593 2388 726 2444; x_wconf 68' lang='lat' dir='ltr'>amman.</span> <span class='ocrx_word' id='word_1_178' title='bbox 765 2382 873 2439; x_wconf 80' lang='lat' dir='ltr'>Falanio</span> <span class='ocrx_word' id='word_1_179' title='bbox 892 2384 1032 2440; x_wconf 85' lang='lat' dir='ltr'>obiiciehat</span> <span class='ocrx_word' id='word_1_180' title='bbox 1045 2401 1093 2440; x_wconf 87' lang='lat' dir='ltr'>ac-</span> 
     </span>
     <span class='ocr_line' id='line_1_27' title="bbox 291 2453 1091 2531; baseline 0.01 -25"><span class='ocrx_word' id='word_1_181' title='bbox 291 2461 409 2518; x_wconf 88' lang='lat' dir='ltr'>cusator,</span> <span class='ocrx_word' id='word_1_182' title='bbox 430 2453 502 2524; x_wconf 93' lang='lat' dir='ltr'>quod</span> <span class='ocrx_word' id='word_1_183' title='bbox 517 2454 586 2508; x_wconf 90' lang='lat' dir='ltr'>inter</span> <span class='ocrx_word' id='word_1_184' title='bbox 599 2454 713 2512; x_wconf 87' lang='lat' dir='ltr'>cultores</span> <span class='ocrx_word' id='word_1_185' title='bbox 727 2457 855 2530; x_wconf 77' lang='lat' dir='ltr'>Augusti,</span> <span class='ocrx_word' id='word_1_186' title='bbox 877 2460 924 2531; x_wconf 87' lang='lat' dir='ltr'>qui</span> <span class='ocrx_word' id='word_1_187' title='bbox 939 2476 987 2531; x_wconf 91' lang='lat' dir='ltr'>per</span> <span class='ocrx_word' id='word_1_188' title='bbox 995 2475 1091 2514; x_wconf 75' lang='lat' dir='ltr'>omncs</span> 
     </span>
     <span class='ocr_line' id='line_1_28' title="bbox 291 2526 1089 2604; baseline 0.009 -23"><span class='ocrx_word' id='word_1_189' title='bbox 291 2526 398 2592; x_wconf 90' lang='lat' dir='ltr'>domos,</span> <span class='ocrx_word' id='word_1_190' title='bbox 413 2529 442 2582; x_wconf 90' lang='lat' dir='ltr'>in</span> <span class='ocrx_word' id='word_1_191' title='bbox 453 2527 562 2584; x_wconf 89' lang='lat' dir='ltr'>modum</span> <span class='ocrx_word' id='word_1_192' title='bbox 570 2529 755 2604; x_wconf 82' lang='lat' dir='ltr'>collegiorum,</span> <span class='ocrx_word' id='word_1_193' title='bbox 771 2531 950 2598; x_wconf 84' lang='lat' dir='ltr'>habebantur,</span> <span class='ocrx_word' id='word_1_194' title='bbox 965 2531 1089 2590; x_wconf 87' lang='lat' dir='ltr'>Cassium</span> 
     </span>
     <span class='ocr_line' id='line_1_29' title="bbox 291 2601 1091 2680; baseline 0.011 -25"><span class='ocrx_word' id='word_1_195' title='bbox 291 2601 557 2672; x_wconf 80' lang='lat' dir='ltr'>quendem,mimum</span> <span class='ocrx_word' id='word_1_196' title='bbox 565 2607 1091 2680; x_wconf 87' lang='lat' dir='ltr'>corporeinfamem,adscivisset:quod-</span> 
     </span>
     <span class='ocr_line' id='line_1_30' title="bbox 292 2677 1091 2755; baseline 0.01 -25"><span class='ocrx_word' id='word_1_197' title='bbox 292 2693 355 2747; x_wconf 85' lang='lat' dir='ltr'>que,</span> <span class='ocrx_word' id='word_1_198' title='bbox 367 2677 482 2733; x_wconf 81' lang='lat' dir='ltr'>venditis</span> <span class='ocrx_word' id='word_1_199' title='bbox 492 2677 585 2743; x_wconf 91' lang='lat' dir='ltr'>hortis,</span> <span class='ocrx_word' id='word_1_200' title='bbox 596 2689 709 2736; x_wconf 86' lang='lat' dir='ltr'>statuam</span> <span class='ocrx_word' id='word_1_201' title='bbox 721 2682 836 2755; x_wconf 79' lang='lat' dir='ltr'>Augusti</span> <span class='ocrx_word' id='word_1_202' title='bbox 846 2681 928 2737; x_wconf 87' lang='lat' dir='ltr'>simul</span> <span class='ocrx_word' id='word_1_203' title='bbox 939 2684 1091 2755; x_wconf 89' lang='lat' dir='ltr'>mancipas-</span> 
     </span>
    </p>
   </div>
   <div class='ocr_carea' id='block_1_3' title="bbox 290 2751 1092 3038">
    <p class='ocr_par' dir='ltr' id='par_1_4' title="bbox 290 2751 1092 3038">
     <span class='ocr_line' id='line_1_31' title="bbox 290 2751 1090 2829; baseline 0.01 -25"><span class='ocrx_word' id='word_1_204' title='bbox 290 2757 340 2805; x_wconf 88' lang='lat' dir='ltr'>set.</span> <span class='ocrx_word' id='word_1_205' title='bbox 372 2751 473 2807; x_wconf 83' lang='lat' dir='ltr'>Rubrio</span> <span class='ocrx_word' id='word_1_206' title='bbox 482 2754 589 2808; x_wconf 86' lang='lat' dir='ltr'>crimini</span> <span class='ocrx_word' id='word_1_207' title='bbox 598 2754 710 2810; x_wconf 88' lang='lat' dir='ltr'>dabatur</span> <span class='ocrx_word' id='word_1_208' title='bbox 719 2757 847 2812; x_wconf 84' lang='lat' dir='ltr'>violatum</span> <span class='ocrx_word' id='word_1_209' title='bbox 855 2758 976 2829; x_wconf 89' lang='lat' dir='ltr'>periurio</span> <span class='ocrx_word' id='word_1_210' title='bbox 987 2775 1090 2814; x_wconf 87' lang='lat' dir='ltr'>numen</span> 
     </span>
     <span class='ocr_line' id='line_1_32' title="bbox 291 2823 1091 2904; baseline 0.013 -26"><span class='ocrx_word' id='word_1_211' title='bbox 291 2823 416 2898; x_wconf 80' lang='lat' dir='ltr'>Augusti.</span> <span class='ocrx_word' id='word_1_212' title='bbox 456 2826 529 2894; x_wconf 87' lang='lat' dir='ltr'>Quae</span> <span class='ocrx_word' id='word_1_213' title='bbox 539 2829 586 2884; x_wconf 90' lang='lat' dir='ltr'>ubi</span> <span class='ocrx_word' id='word_1_214' title='bbox 596 2830 701 2885; x_wconf 89' lang='lat' dir='ltr'>Tiberio</span> <span class='ocrx_word' id='word_1_215' title='bbox 711 2839 834 2896; x_wconf 88' lang='lat' dir='ltr'>notuere,</span> <span class='ocrx_word' id='word_1_216' title='bbox 851 2834 958 2904; x_wconf 83' lang='lat' dir='ltr'>scripsit</span> <span class='ocrx_word' id='word_1_217' title='bbox 971 2833 1091 2888; x_wconf 88' lang='lat' dir='ltr'>oonsuli-</span> 
     </span>
     <span class='ocr_line' id='line_1_33' title="bbox 291 2899 1091 2975; baseline 0.01 -21"><span class='ocrx_word' id='word_1_218' title='bbox 291 2899 357 2955; x_wconf 89' lang='lat' dir='ltr'>bus:</span> <span class='ocrx_word' id='word_1_219' title='bbox 377 2919 428 2956; x_wconf 81' lang='lat' dir='ltr'>non</span> <span class='ocrx_word' id='word_1_220' title='bbox 437 2906 494 2957; x_wconf 89' lang='lat' dir='ltr'>ideo</span> <span class='ocrx_word' id='word_1_221' title='bbox 503 2907 632 2964; x_wconf 80' lang='lat' dir='ltr'>decretum</span> <span class='ocrx_word' id='word_1_222' title='bbox 640 2911 714 2972; x_wconf 78' lang='lat' dir='ltr'>patre·</span> <span class='ocrx_word' id='word_1_223' title='bbox 724 2923 772 2960; x_wconf 83' lang='lat' dir='ltr'>sec</span> <span class='ocrx_word' id='word_1_224' title='bbox 787 2909 898 2971; x_wconf 85' lang='lat' dir='ltr'>coelum,</span> <span class='ocrx_word' id='word_1_225' title='bbox 917 2916 947 2961; x_wconf 83' lang='lat' dir='ltr'>ut</span> <span class='ocrx_word' id='word_1_226' title='bbox 958 2911 988 2962; x_wconf 81' lang='lat' dir='ltr'>io</span> <span class='ocrx_word' id='word_1_227' title='bbox 999 2912 1091 2975; x_wconf 78' lang='lat' dir='ltr'>perui-</span> 
     </span>
     <span class='ocr_line' id='line_1_34' title="bbox 292 2979 1092 3038; baseline 0.013 -10"><span class='ocrx_word' id='word_1_228' title='bbox 292 2979 357 3029; x_wconf 83' lang='lat' dir='ltr'>ciem</span> <span class='ocrx_word' id='word_1_229' title='bbox 369 2982 501 3034; x_wconf 81' lang='lat' dir='ltr'>ciciremie</span> <span class='ocrx_word' id='word_1_230' title='bbox 518 2982 600 3034; x_wconf 81' lang='lat' dir='ltr'>iocor</span> <span class='ocrx_word' id='word_1_231' title='bbox 616 2989 768 3034; x_wconf 75' lang='lat' dir='ltr'>uerteretur·</span> <span class='ocrx_word' id='word_1_232' title='bbox 807 2980 924 3036; x_wconf 75' lang='lat' dir='ltr'>Gessium</span> <span class='ocrx_word' id='word_1_233' title='bbox 941 2985 1092 3038; x_wconf 75' lang='lat' dir='ltr'>histrionem</span> 
     </span>
    </p>
   </div>
   <div class='ocr_carea' id='block_1_4' title="bbox 0 0 1295 3734">
    <p class='ocr_par' dir='ltr' id='par_1_5' title="bbox 0 0 1295 3734">
     <span class='ocr_line' id='line_1_35' title="bbox 0 0 1295 3734; baseline 0 0"><span class='ocrx_word' id='word_1_234' title='bbox 0 0 1295 3734; x_wconf 95' lang='lat' dir='ltr'> </span> 
     </span>
    </p>
   </div>
  </div>
 </body>
</html>
