2575 3734
203 481 263 517 rc.
276 461 326 534 aa.)
413 468 493 514 ΜΒ.
512 467 564 514 111.
585 467 673 513 cen.
695 468 735 514 ea.
757 469 796 514 es.
955 463 1004 518 tt't

201 587 327 644 quaeque
333 563 588 634 iturum‚iestinatio
596 567 795 634 exstimulabat,
802 567 868 624 dum
874 571 1003 642 aequalis,

200 648 261 702 dein
271 645 436 716 superiores,
442 651 577 715 postremo
583 651 703 698 suasmet
711 645 771 716 ipse
780 659 842 716 spes
852 647 951 700 anteire
958 663 1006 718 pa-

201 729 253 778 rat:
274 719 351 792 quod
371 718 483 784 multos,
503 719 583 773 etiam
601 718 696 783 bonos,
717 735 829 791 pessum
849 719 931 785 dedit,
945 723 1004 792 qui,

199 797 299 868 spretis
309 810 380 866 quae
388 794 463 848 tarda
474 810 537 848 oum
546 795 697 859 securitate,
709 801 878 866 praematura
891 795 933 850 vel
943 811 1004 849 cum

199 871 281 927 exitio
290 878 444 941 properent.

254 946 300 1000 67.
319 949 430 1014 Auxere
442 957 586 997 numerum
599 949 783 1000 aecusatorum
796 942 901 1002 Gellius
916 943 1006 1016 Popli-

200 1019 257 1082 oola
270 1027 299 1074 et
310 1019 350 1073 Μ.
361 1017 507 1073 Paeonius:
528 1016 576 1072 ille
588 1025 714 1090 quaestor
727 1015 820 1086 Silani,
832 1019 879 1074 hie
890 1017 1003 1093 legatus.

199 1097 255 1150 Nec
268 1094 388 1150 dubium
403 1091 563 1156 habebatur,
578 1093 703 1148 saevitiae
717 1100 909 1167 captarumque
922 1110 1005 1167 pecu-

200 1172 310 1226 niarum
319 1168 406 1223 teneri
415 1183 507 1222 reum:
519 1165 568 1221 sed
576 1165 661 1222 multa
672 1167 864 1241 adgerebantur
873 1169 952 1225 etiarn
961 1171 1005 1224 in-

199 1244 326 1302 sontibus
343 1241 509 1315 periculosa3
529 1258 602 1305 eum,
618 1257 701 1314 super
715 1243 751 1298 tot
764 1250 896 1300 senatores
911 1244 1004 1299 adver-

199 1338 254 1385 sos,
268 1317 475 1378 facundissimis
489 1314 571 1372 totius
582 1314 672 1381 Asiae,
687 1333 771 1390 eoque
781 1317 814 1373 ad
823 1319 1003 1375 accusandum

200 1394 321 1458 delectis,
337 1392 509 1464 responderet
520 1390 605 1458 solus,
618 1398 645 1446 et
657 1393 750 1448 orandi
765 1393 881 1458 nescius,
898 1395 1005 1466 proprio

199 1471 228 1525 in
238 1476 327 1533 metu,
344 1467 394 1539 qui
407 1467 550 1522 exercitam
560 1468 670 1540 quoque
679 1465 857 1540 eloquentiam
868 1468 986 1524 debilitat
996 1490 1002 1525 :

200 1562 252 1600 non
261 1549 430 1614 temperante
439 1541 554 1606 Tiberio,
569 1542 636 1614 quin
649 1551 780 1614 premeret
789 1560 862 1608 voce,
875 1543 961 1609 vultu,
975 1561 1005 1600 eo

200 1617 273 1692 quod
280 1619 345 1690 ipse
353 1616 515 1672 ereberrime
523 1615 713 1690 interrogabat:
733 1633 822 1689 neque
832 1617 950 1674 refellere
960 1627 1006 1675 ant

200 1693 310 1748 eludere
323 1691 452 1747 dabatun
472 1707 505 1748 ao
516 1707 595 1763 saepe
608 1693 688 1748 etiam
701 1691 881 1748 eonfitendum
896 1699 959 1760 erat,
971 1709 1005 1748 ne

201 1768 301 1826 frustm
310 1767 499 1840 quaesivisset.
520 1764 617 1822 Servos
626 1783 736 1840 quoque
745 1765 839 1833 Silani,
849 1776 880 1823 ut
890 1776 1006 1824 tormen-

200 1845 234 1898 tis
241 1844 484 1915 interrogarentur,
496 1847 567 1900 ector
575 1841 702 1914 publicus
712 1843 847 1914 mancipio
861 1851 1003 1916 acceperat.

200 1918 233 1972 lit
243 1918 355 1990 nequis
369 1917 581 1972 neoessariorum
590 1916 694 1972 iuvaret
703 1916 906 1989 periclitantem,
922 1920 1006 1974 maie-

201 1994 275 2048 statis
291 1992 408 2047 erimina
423 1991 617 2057 subdebantur,
633 1993 754 2056 vinclum
770 2000 795 2048 et
811 1995 954 2049 necessitas
968 1995 1006 2048 si-

201 2067 283 2124 lendi.
323 2067 421 2140 Igitur,
430 2067 514 2138 petito
522 2074 670 2137 pannorum
680 2067 786 2124 dierum
798 2069 947 2135 interiectu,
959 2069 1006 2123 de-

202 2142 353 2199 fensionem
368 2141 555 2208 ‘sui-deseruit,
575 2144 650 2198 ausis
666 2143 699 2198 ad
711 2143 848 2199 Caesarem
864 2143 1003 2210 oodioillis,

201 2218 304 2290 quibus
313 2216 445 2272 invidiam
456 2224 483 2271 et
490 2233 582 2289 preees
592 2219 745 2274 miscuerat.

254 2295 300 2348 68.
322 2291 457 2356 Tiberius,
471 2309 542 2364 quas
552 2293 582 2348 in
594 2292 716 2350 Silanum
726 2294 911 2367 parabatque
923 2309 1005 2348 excu-
1035 2281 1045 2304 ⁸

145 2398 146 2411 κ
203 2368 287 2423 ratius
297 2365 352 2422 sub
360 2365 485 2438 exemplo
492 2368 683 2440 acciperentur,
695 2368 799 2431 libellos
809 2369 837 2425 d.
848 2368 964 2444 Augusti
972 2368 1006 2422 de

203 2441 299 2498 Voleso
308 2439 433 2507 Messala,
444 2441 565 2497 eiusdem
573 2441 654 2498 Asiae
663 2444 836 2516 proconsule,
852 2442 1005 2516 laetumque

202 2519 306 2573 insum
320 2524 431 2573 serratim
439 2515 591 2572 eonsultum
600 2520 704 2574 recitari
718 2519 800 2574 iubet.
839 2519 909 2574 Tum
919 2518 950 2573 L.
961 2518 1007 2572 Pi-

202 2609 299 2648 sonem
313 2590 473 2648 sententiam
491 2600 575 2666 regat
614 2593 671 2660 ille,
691 2594 808 2650 multum
822 2593 855 2648 de
866 2591 1006 2648 elementia

203 2667 336 2740 principis
351 2664 495 2739 praelatus,
509 2685 581 2738 aquo
594 2677 673 2739 atquae
682 2674 738 2738 toni
747 2669 839 2736 81·an
849 2672 1007 2733 interdicen-

203 2747 273 2807 dam,
281 2742 540 2812 'aensrnittpeamqae
548 2748 577 2798 io
585 2748 700 2800 insulam
707 2744 1005 2812 Gyarumreteyonotam.

203 2817 305 2872 Eadem
315 2817 406 2880 aeteri,
417 2816 471 2872 nisi
480 2817 554 2890 quod
562 2817 611 2874 Cn.
622 2818 765 2884 Lentulus,
776 2822 924 2886 separanda
934 2817 1008 2874 Sita»

204 2897 231 2948 at
239 2901 363 2948 materna
374 2891 611 2964 tantautppaatta
616 2903 727 2963 parente
734 2889 1008 2962 qeattt)reddondaqae

206 2970 259 3033 filio
268 2966 349 3029 dixit,
359 2965 493 3022 adnuente
500 2967 616 3022 Tiberio.
829 2969 838 2988 '
