2575 3734
187 468 314 539 n.c.tt.)
383 474 788 523 Ltss.xv.c.t1².tt.tn.
892 504 895 508 f
941 474 991 525 383

187 574 992 725 cintilani?:tntntltltlllzltltlttlffll

187 732 387 797 procuratorem
397 724 521 779 Pontium
528 724 643 781 Pilatum
654 725 787 797 supplicio
797 726 915 783 adlectus
925 735 989 784 erat.
1007 730 1011 736 “

188 802 376 872 Repressaque
388 799 417 853 ia
431 816 558 870 praesens
571 799 716 855 exitiabilis
729 802 884 872 superstitio
895 819 992 857 rursus

188 874 357 946 erumpebat,
363 890 415 929 non
424 874 503 929 modo
511 891 559 947 per
565 874 837 952 Iudaeam,originem
845 877 905 931 cius
915 875 989 941 mali,

189 950 240 1004 scd
252 966 300 1023 per
314 948 407 1003 urbem
422 948 512 1013 etiam,
528 966 583 1021 quo
595 957 690 1004 cuncta
703 950 825 1021 undique
836 952 932 1008 atrocia
946 959 992 1005 aut

188 1022 317 1096 pudenda
325 1020 463 1079 conlluunt
471 1022 701 1095 celebranturque.
734 1026 819 1098 igitur
830 1026 919 1097 primo
927 1042 991 1079 con-

187 1100 267 1171 repti,
277 1099 330 1171 ⁴qui
339 1096 497 1162 fatebantur,
509 1097 614 1162 deinde,
624 1098 724 1153 iudicio
733 1115 836 1164 eorum,
847 1099 991 1155 multitudo

187 1175 295 1253 ingens,
312 1172 386 1227 haud
397 1172 508 1243 perinde
522 1173 550 1227 iu
564 1173 678 1227 crimine
692 1173 819 1238 incendii,
834 1191 916 1246 wem
929 1174 991 1229 odio

188 1247 302 1301 humaui
312 1248 427 1320 generis,
439 1248 552 1302 connati
563 1254 635 1301 sunt.
674 1247 892 1319 Etpereuutibus
902 1248 990 1303 addita

188 1322 316 1387 ludibria,
331 1316 364 1375 ut'
375 1318 491 1375 ferarum
505 1322 587 1393 tergis
600 1323 719 1386 contecti,
732 1322 831 1377 laniatu
840 1340 938 1379 canum
948 1324 991 1377 io-

186 1397 307 1461 lenirent,
319 1402 365 1450 aut
374 1395 501 1450 crucibus
510 1394 602 1461 adlini,
613 1403 660 1449 aut
669 1394 834 1461 flammartli,
845 1405 934 1470 atque,
941 1397 991 1452 ubi

186 1468 329 1525 deiecisset
346 1468 413 1534 dies,
435 1470 463 1524 iu
479 1486 561 1525 usum
576 1470 700 1527 nocturni
712 1469 826 1525 luminis
838 1480 988 1527 urerentur.

187 1546 283 1599 Hortos
302 1561 366 1599 suos
385 1544 410 1598 ei
422 1543 572 1615 spectaculo
585 1545 656 1600 Nero
667 1543 807 1610 obtulerat,
828 1553 854 1600 et
872 1546 991 1600 circense

188 1619 325 1673 ludicrum
340 1618 442 1683 edebat,
460 1618 552 1674 habitu
568 1620 676 1691 aurigae
689 1620 840 1692 permixtus
853 1619 936 1691 plebi,
947 1618 989 1675 vel

187 1692 469 1753 curriculoinaistene.
489 1692 574 1757 Unde,
584 1710 752 1766 quamquam
762 1694 891 1749 adversus
900 1702 991 1749 sontes

187 1776 215 1823 et
239 1768 386 1824 nouissima
409 1766 531 1839 exempla
552 1768 674 1834 meritos,
693 1770 828 1824 miseratio
845 1768 988 1834 oriebatur,

186 1852 328 1915 tamquam
338 1858 391 1897 nco
400 1841 512 1898 utilitate
522 1841 640 1915 publica,
651 1843 738 1899 sedin
747 1844 886 1899 saevitiam
895 1845 989 1910 unius,

186 1918 403 1973 absumerentur.

185 2027 190 2036 ι
247 1994 288 2047 lo.
309 1992 408 2046 interea
422 1989 588 2047 conferendis
602 1993 725 2063 pecuniis
742 2000 890 2065 pervastata
905 1992 989 2056 ltalia,

187 2067 342 2139 provinciae
356 2081 471 2132 eversae,
488 2067 608 2139 sociique
621 2067 714 2139 populi
733 2076 760 2122 et
772 2068 989 2139 quaesivitatum

188 2142 289 2197 liberae
303 2148 440 2197 vocantur.
479 2142 564 2213 Inque
578 2158 637 2196 eam
651 2141 776 2213 praedam
791 2143 871 2197 etiam
884 2141 922 2196 dii
932 2154 991 2197 ces·

187 2232 257 2281 scre,
278 2214 399 2287 spoliatis
413 2215 441 2270 in
454 2214 521 2271 urbe
529 2214 648 2288 templis,
669 2224 813 2290 egestoque
821 2233 896 2281 auro,
916 2216 990 2289 quod

186 2291 349 2362 triumphis,
370 2290 443 2362 quod
461 2290 544 2356 votis,
564 2291 655 2346 omnis
672 2290 765 2362 populi
786 2292 898 2347 Romani
918 2300 989 2346 aetas

186 2380 324 2439 prospere,
343 2372 389 2419 aut
408 2365 436 2419 in
455 2372 543 2429 metu,
567 2374 724 2420 sacraverat.
748 2366 921 2431 Enimvero,
942 2382 990 2437 per
1037 2423 1045 2441 .

186 2442 281 2495 Asiam
291 2448 372 2511 atque
381 2437 509 2494 Achaiam
519 2454 571 2494 nou
581 2439 650 2495 dona
660 2447 773 2505 mutum,
787 2440 834 2495 sed
844 2438 989 2495 simulacra

185 2516 334 2571 numinum
345 2512 553 2585 abripiebantur,
559 2514 652 2569 missis
661 2516 690 2569 in
700 2530 745 2569 eas
752 2513 990 2588 provinciasltcra·

186 2598 214 2645 to
224 2606 255 2644 ac
263 2588 386 2645 &cundo
394 2586 545 2659 Caprinata.
580 2588 627 2643 llle
638 2587 759 2653 libertus,
769 2590 933 2659 cuicumque
941 2584 990 2639 lle-

186 2666 253 2739 gitio
265 2670 420 2736 promptus3
442 2662 496 2729 hic,
508 2662 607 2719 Graeca
616 2662 734 2719 docmina
745 2680 792 2718 ore
801 2671 879 2716 tenus
888 2660 990 2715 exerci-

186 2748 242 2803 tus,
263 2737 387 2793 animum
405 2736 483 2792 bonis
496 2737 598 2792 artibus
613 2737 806 2793 noninduerat
844 2734 990 2789 Ferebatur

188 2811 296 2878 Seneca,
312 2828 368 2885 quo
380 2811 511 2867 invidiam
520 2811 655 2885 sacnlegii
664 2830 680 2866 a
690 2811 774 2866 serim
782 2816 920 2877 averteret,
931 2809 990 2865 loa-

188 2886 286 2960 ginqui
295 2887 367 2941 ruris
376 2894 514 2942 secessum
522 2887 652 2952 oravisse,
663 2894 698 2952 et,
710 2892 853 2957 pmmam
861 2903 916 2941 nou
924 2902 990 2940 oon·

188 2960 339 3028 cedebatur,
350 2960 410 3016 licta
420 2960 667 3033 minuatneqmst
678 2976 756 3035 aeger
765 2962 866 3026 uerus,
877 2958 989 3015 ‹nubieu-
