2575 3734
184 534 208 572 ι.
221 534 245 572 o.
259 515 306 588 sa.)
375 525 455 569 ara.
475 525 537 570 xrr.
560 525 649 571 car.
669 527 792 572 ιιι-ιι.
934 521 980 576 ΐΙΙ

183 634 214 681 ut
228 624 374 681 accusatori
387 620 457 696 aqua
471 631 551 697 atque
565 625 629 698 igne
639 625 814 680 interdiceret.
853 626 986 682 Hactenus

183 699 307 757 Vitellius
320 697 447 754 voluerat.

240 777 281 830 l3.
303 773 386 828 Multa
405 789 435 827 eo
454 789 523 828 anno
545 773 667 848 prodigia
687 790 807 830 avenae.
846 775 985 830 lacessunt

183 849 251 904 diris
268 848 365 903 avibus
379 846 554 918 Capitolium:
578 848 680 902 crebris
694 849 911 904 terraemotibus
925 865 988 920 pro-

183 931 259 978 rutae
277 923 389 978 domus:
410 938 450 986 ac,
471 920 537 976 dum
556 921 636 979 latius
653 924 791 986 metuitur,
811 923 988 995 trepidatione

183 998 271 1072 vulgi,
283 995 419 1055 invalidus
429 994 548 1068 quisque¹
556 997 656 1052 obtriti.
674 998 796 1072 Fragum
805 1013 916 1070 quoque
925 1013 988 1072 ege-

183 1082 248 1138 stas,
270 1077 366 1126 etorta
381 1087 414 1125 ex
428 1087 458 1124 eo
471 1069 564 1136 fames,
585 1071 614 1128 in
628 1071 781 1146 prodigium
796 1072 985 1143 accipiebatur.

182 1149 239 1203 Nec
252 1145 349 1202 occulti
364 1153 467 1200 tantum
482 1152 604 1218 questus,
616 1145 665 1200 sed
674 1147 732 1202 iura
742 1146 894 1201 reddentem
905 1145 987 1202 Glau-

182 1223 260 1296 dium
271 1221 466 1276 circumvasere
475 1219 637 1274 clamoribus
647 1221 772 1285 turbidis,
784 1219 950 1294 pulsumque
956 1222 987 1276 in

183 1306 331 1352 extremam
344 1293 394 1350 fori
404 1301 505 1366 partem
516 1295 544 1349 vi
554 1295 694 1368 urgebant,
709 1295 793 1350 donec
800 1295 919 1350 militnm
928 1294 987 1369 glo*

181 1369 346 1426 boinienscs
355 1369 485 1440 perrupit.
520 1367 680 1434 Quindecim
689 1369 987 1426 diernmalimentanr*

182 1447 222 1512 bi,
234 1463 288 1502 non
304 1443 431 1515 amplius,
446 1441 612 1517 superfuisse
624 1443 754 1499 conectit:
775 1461 926 1517 magnaque
937 1444 987 1499 de·

183 1537 233 1575 um
245 1520 418 1594 benignitate,
442 1525 468 1572 et
485 1517 613 1572 modestia
631 1517 740 1583 hiemis,
761 1518 843 1572 rebus
856 1520 985 1574 extremis

182 1595 357 1650 subventum.
396 1591 432 1648 At
443 1591 551 1647 hercule
562 1591 627 1648 olim
640 1609 674 1648 ex
683 1592 756 1647 ltalia
766 1592 918 1665 legionibus
927 1593 986 1648 lon-

182 1671 300 1743 ginquas
318 1669 348 1723 in
367 1667 518 1739 provincias
540 1675 705 1722 commeatus
723 1667 910 1738 portabantur3
937 1683 988 1732 neo

184 1761 258 1800 nunc
275 1741 464 1798 infecunditate
484 1741 632 1796 laboratur:
663 1741 711 1796 sed
725 1741 841 1795 Africam
856 1741 946 1811 potins
960 1746 986 1794 et

183 1819 338 1946 hepyptum
352 1833 517 1882 exercemus,
531 1813 703 1888 naribusque
716 1824 742 1870 et
755 1815 863 1870 casibus
873 1815 926 1868 vita
938 1831 987 1885 po-

183 1911 221 1966 pu
233 1895 243 1948 i
253 1893 366 1947 Romani
374 1893 505 1963 permissa
514 1897 564 1946 est.

242 1969 284 2022 ll.
303 1965 402 2022 Eodem
412 1983 481 2020 anno
490 1964 602 2030 bellum,
614 1965 684 2019 inter
692 1961 833 2020 Armenios
844 1959 987 2036 merosqm

183 2049 317 2106 exortum,
338 2039 442 2096 Parthis
456 2055 564 2112 quoque
577 2057 608 2094 ac
622 2039 750 2094 Romanis
763 2039 985 2113 gradssimorum

183 2119 255 2172 inter
269 2133 299 2170 se
308 2123 428 2171 motuum
444 2131 537 2170 caussa
548 2113 608 2169 luit
622 2137 625 2146 ¹
649 2113 729 2170 Genti
739 2113 896 2168 Parthorum
907 2112 987 2169 Volo-

182 2207 262 2266 geses
275 2190 452 2263 imperitabat,
474 2197 590 2244 materna
604 2189 708 2262 origine
721 2205 756 2243 ex
769 2187 863 2260 pellice
873 2188 984 2253 Graeca,

183 2283 312 2322 concessu
326 2263 438 2320 fratrum
452 2279 565 2336 regnum
579 2263 705 2334 adeptus:
726 2263 817 2318 Iberos
827 2262 986 2317 Pharasma-

183 2357 241 2405 nes,
254 2339 547 2410 vearsta'pcssessione:
567 2333 710 2392 Armenios
721 2335 801 2392 frater
810 2338 870 2391 eius
880 2337 987 2392 Mithri-

183 2416 257 2471 dates
276 2413 410 2470 obtinebat
423 2413 520 2484 opibus
535 2413 642 2466 nestris.
680 2411 745 2466 Erat
762 2411 937 2466 Pharasmani
953 2411 987 2464 li-

183 2490 247 2554 lius,
263 2489 373 2544 nomine
386 2487 586 2550 Rhadamistus,
602 2485 696 2541 decora
709 2487 873 2557 proceritate,
888 2486 917 2539 vi
927 2501 986 2540 ocr-

183 2566 256 2637 poris
270 2563 397 2636 insignis,
418 2569 444 2616 et
454 2561 555 2633 patrias
567 2567 636 2614 artes
649 2561 767 2625 edoctam
782 2559 907 2630 claraque
916 2560 986 2612 inter

182 2635 285 2694 accolas
300 2636 381 2692 lama.
421 2636 446 2690 ls
456 2639 585 2690 medicum
598 2636 700 2690 lbeffce
708 2651 816 2703 repausa
824 2640 927 2687 senecta
933 2649 986 2700 pc-

184 2719 233 2768 trts
242 2717 353 2768 detineri
362 2709 476 2766 ferocius
486 2709 661 2780 crebriusque
669 2709 795 2772 iactabat,
807 2723 889 2778 quam
899 2714 929 2760 at
937 2721 987 2779 cu-

182 2786 302 2860 pidinem
312 2784 463 2842 occultaret.
503 2784 587 2857 igitur
599 2784 793 2838 Pharasmanes
801 2781 927 2836 iuvenem
936 2797 986 2851 po-

183 2862 279 2916 tentiae
291 2867 453 2934 promptae,
480 2866 506 2914 et
523 2857 612 2914 sardio
632 2856 805 2931 popularium
824 2855 984 2920 acciacum,

184 2935 356 3011 vergentibus
375 2936 430 2989 iam
449 2933 527 2988 annis
542 2933 600 2987 suis
613 2940 746 2996 metuens,
768 2929 847 2986 eliam
860 2929 895 2984 ad
907 2945 985 3000 spem

184 3010 297 3075 trahere,
317 3017 342 3065 et
355 3013 505 3066 Armeniam
519 3013 663 3072 ostentue,
680 3008 767 3074 pateis
779 3005 885 3058 Parthis
896 3006 985 3056 dotem
