2575 3734
207 505 231 541 s.
246 500 271 540 c.
284 481 332 555 so.)
401 490 480 536 ιη.
499 488 577 536 xrv.
597 490 685 537 ose.
706 490 747 535 12.
768 488 811 536 so.
956 485 1005 541 ott

263 593 305 649 tt.
325 590 393 647 oreo
405 596 493 647 temen
514 588 659 645 nodamine
673 604 813 660 prooernnr
827 590 1006 646 decernuntur

206 668 408 735 supplicationes
421 668 492 731 oped
504 668 591 718 omnio
602 666 765 731 pulvinario,
780 673 859 733 utque
869 665 1006 734 Quismoo·

208 741 606 809 trees‚quibusopertoeiosidioe
615 740 887 801 emot,lsdisooaus‘s
893 743 1006 794 salebro-

206 822 314 871 motor:
329 830 438 869 eoseum
446 812 580 869 litaeteoe
588 814 796 868 &mammis
806 818 1007 876 commutante

205 892 336 958 prieolps's
345 892 609 956 remordemur:
619 889 955 958 ¹ds'eeseotols'sApripps'sroe
964 892 1006 941 io·

209 973 249 1019 ter
268 968 381 1032 assuetos
398 969 471 1016 esset.
509 960 625 1017 Thrasea
638 961 744 1025 Peetsrs,
759 960 866 1017 silentio
875 960 918 1018 vel
930 962 1006 1017 brevi

208 1036 323 1092 adsensu
337 1036 440 1107 priores
453 1034 617 1089 adulationes
631 1036 809 1091 transmittere
821 1035 928 1102 solitus,
942 1037 1008 1091 exiit

208 1121 265 1168 tum
279 1117 389 1178 senatu;
410 1126 442 1164 ae
456 1108 509 1165 sibi
522 1124 644 1165 eeussam
659 1110 772 1181 perieuli
785 1109 855 1176 ieoit,
871 1111 1008 1166 eeterlsli-

207 1185 314 1241 beraea
323 1184 434 1241 initium
443 1199 498 1239 nen
505 1183 637 1255 praebuit.
665 1184 788 1257 Prodigia
797 1202 907 1257 quoque
915 1185 1007 1240 erebra

207 1266 233 1317 et
245 1259 327 1333 inrita
340 1258 521 1315 intercessere.
559 1255 684 1331 Anguem
696 1260 776 1314 enixa
785 1258 897 1315 mulier:
918 1268 945 1314 et
955 1259 1007 1314 alia

208 1336 237 1391 in
256 1332 399 1391 ooneubitu
416 1332 505 1387 mariti
518 1330 637 1387 fulmine·
646 1334 806 1388 exanimate.
845 1334 900 1389 lam
915 1333 955 1389 sol
965 1350 1008 1388 re·

208 1414 288 1480 pente
296 1406 463 1471 absentatus,
474 1413 500 1460 et
509 1413 591 1463 trane
600 1406 633 1462 de
642 1405 714 1462 eaelo
722 1407 922 1478 quatuordeeim
931 1408 1007 1463 urbis

209 1482 342 1556 regiones.
355 1537 360 1541 ,
380 1479 455 1547 Quae
471 1479 536 1537 adeo
549 1481 609 1535 sine
622 1496 686 1535 eura
699 1480 780 1536 dedus
793 1483 958 1547 eveniebant,
978 1491 1009 1537 ut

210 1557 309 1615 multos
322 1562 382 1627 post
396 1554 479 1611 sends
488 1554 558 1611 Nem
572 1554 718 1627 imperium
727 1563 753 1610 et
762 1554 860 1610 seelera
870 1558 1014 1612 sentinae.

210 1633 286 1687 verit.
326 1630 459 1695 Ceterum,
475 1629 799 1703 quagravaretinvidianr
809 1631 912 1694 matris,
923 1637 1009 1703 etque

209 1704 312 1762 demoti
326 1712 432 1761 autem
446 1703 579 1761 lenitatem
594 1720 673 1759 suam
688 1704 881 1770 testifiesretur,
895 1704 1009 1759 feminas

208 1779 336 1838 inlustres
355 1780 461 1837 Iuniam
480 1787 505 1834 et
523 1778 707 1849 Calpurniam,
722 1779 885 1850 praefectura
903 1777 1009 1833 iunctos

208 1853 346 1911 Valerium
365 1854 519 1925 Capitonem
539 1861 566 1908 et
583 1853 719 1909 Licinium
735 1852 878 1919 Gabolum,
898 1852 1009 1907 sedibus

208 1930 303 2001 patriis
323 1927 452 1993 reddidit,
473 1928 507 1983 ab
525 1926 674 2001 Agrippina
691 1926 758 1985 olim
778 1926 881 1999 pulsos.
920 1927 1009 1982 Etiam

209 2001 310 2059 Lolliae
324 2001 460 2059 Paullinee
473 2002 576 2059 eineres
589 2002 727 2074 repertori,
743 2000 953 2075 sepulcrumque
962 2019 1009 2057 ex-

209 2077 279 2135 strui
292 2077 427 2149 permisit:
446 2094 571 2150 quosque
580 2080 639 2148 ipse
652 2094 739 2149 nuper
748 2076 917 2150 relegaverat,
930 2078 1010 2132 Ituri-

211 2150 450 2209 umetCalvisium
459 2169 544 2224 poena
556 2150 679 2207 exsolvit.
706 2151 1009 2208 NarnSilanaistoiun-

124 2234 126 2245 ’
209 2233 251 2281 eta
265 2234 328 2292 erat,
349 2226 496 2301 longinque
511 2228 545 2282 ab
558 2226 654 2283 exsilio
663 2227 806 2282 Tarentum
819 2244 949 2301 regressa,
970 2226 1009 2281 la-

124 2378 125 2381 *
209 2302 289 2359 bene
302 2303 355 2359 iem
369 2301 528 2375 Agrippina,
544 2302 622 2357 ouius
635 2301 786 2357 inimicitiis
796 2302 954 2368 eoneiderat,
966 2300 1008 2355 vel

209 2376 316 2433 tandem
325 2377 455 2451 mitigata.

266 2452 307 2507 13.
328 2450 469 2509 Gunetenti
480 2451 509 2505 iu
518 2450 624 2522 oppidis
636 2450 806 2523 Campaniae,
823 2468 941 2525 quonam
951 2466 1009 2503 mo-

124 2520 125 2565 1
207 2526 243 2583 do
261 2524 356 2581 urbem
378 2523 574 2599 ingrederetur:
596 2541 630 2580 an
648 2526 811 2599 obsequium
831 2532 949 2589 senatus,
973 2540 1008 2578 an

124 2596 126 2661 l
207 2598 298 2657 studia
311 2598 399 2671 plebis
411 2600 546 2671 reperiret,
562 2600 653 2666 anxio,
665 2608 754 2657 eontra
763 2600 923 2657 deterrimus
931 2596 1010 2668 quis·

124 2680 125 2713 ἒ
207 2692 273 2749 que,
288 2690 406 2747 quorum
421 2690 475 2730 non
489 2674 539 2729 alia
549 2675 623 2749 regia
632 2672 770 2731 ieermdlor
777 2674 886 2736 exstitit,
897 2676 1010 2726 tumeam

207 2748 1010 2819 tprtpptooeeomeaetmertsatosoeermsmpopalttooorsm

209 2825 359 2879 alienarunt:
389 2828 440 2879 iret
458 2828 610 2892 intrepidos,
630 2833 656 2879 et
668 2827 858 2879 mentionem
870 2826 912 2876 sot
922 2838 1010 2876 eorem

210 2903 391 2966 aspersator:
410 2896 804 2969 simulproepredtexposennt.
838 2895 873 2950 lit
880 2895 1010 2967 prompti-

209 2989 266 3037 ore,
276 2988 359 3044 quam
373 2972 558 3043 promiserant,
571 2974 725 3028 inveniunt:
745 2971 839 3027 obrias
848 2970 950 3028 tribus:
971 2966 1011 3023 ie⁴
