2575 3734
240 549 244 558 Ι
300 475 348 529 tta
578 476 819 526 umnnnruu
963 466 1098 541 (numu.

298 584 371 638 tonis
389 580 557 651 obsequium
576 576 784 634 dominantibus
806 577 896 650 magis
918 575 1099 648 probabatur.

297 657 353 721 llll,
365 655 441 728 quod
451 662 607 727 praeturam
617 653 689 708 intra
700 654 784 711 stetit.
796 651 997 708 commendatio
1010 669 1046 707 ex
1055 653 1101 708 in-

297 733 384 797 iuria3
407 730 483 794 buio,
495 728 570 800 quod
581 729 754 784 consulatum
766 727 882 799 adeptus
892 735 942 792 est,
954 726 1052 784 odium
1065 743 1101 784 ex

297 806 406 862 invidia
418 805 568 860 oriebatur.

352 881 396 936 to.
415 881 450 935 Et
467 880 547 934 lunia
561 876 735 950 sexagesimo
750 884 847 948 quarto
860 883 922 948 post
935 875 1102 948 Philippen-

298 969 357 1012 sem
372 957 460 1011 aciem
475 970 560 1017 anno,
577 968 739 1024 supremum
754 951 829 1007 diem
844 951 981 1023 explevit,
998 948 1101 1008 Catone

297 1030 437 1087 avunculo
449 1029 551 1102 genita,
562 1028 594 1084 C.
606 1027 695 1084 Cassii
700 1043 783 1092 uxor,
800 1027 837 1082 bt.
848 1027 924 1082 liruti
936 1043 1022 1082 soror.
1048 1028 1102 1083 Te-

297 1113 464 1162 stamentum
482 1105 544 1158 eius
564 1102 651 1157 multo
671 1099 746 1173 apud
764 1101 882 1175 vulgum
901 1118 1011 1157 rumore
1029 1100 1099 1171 fnit3

297 1181 374 1252 quia,
389 1179 536 1252 inmagnis
545 1178 656 1250 opibus,
668 1193 733 1232 oum
748 1176 833 1232 ferme
843 1185 957 1232 ounotos
971 1193 1107 1247 proceres¹

298 1271 362 1311 oum
378 1254 480 1309 honore
493 1253 707 1318 nominavisset,
727 1252 871 1308 Caesarem
878 1252 989 1306 omisit.
1020 1251 1103 1320 Quod

297 1330 419 1385 civiliter
429 1337 587 1401 aooeptum:
602 1327 693 1399 nequo
702 1326 855 1400 prohibuit,
868 1327 1027 1399 quominus
1038 1327 1103 1382 lau-

297 1404 409 1460 datione
427 1421 478 1476 pro
496 1406 592 1458 rostris
606 1403 762 1474 ceterisque
775 1401 938 1458 solennibus
952 1400 1037 1457 funus
1053 1419 1103 1458 oo-

298 1478 497 1536 honestaretur.
509 1478 615 1552 Viginti
624 1479 841 1533 clarissimarum
847 1476 1021 1532 ¹familiarum
1028 1478 1102 1533 ima·

265 1609 272 1624 ‚
298 1548 1102 1628 giuesantelataesunt'‚lllanlii‚Quiuotii‚aliaquseiusdem

300 1629 453 1686 nobilitatis
468 1630 593 1685 nomina:
609 1627 660 1684 sed
674 1627 884 1702 praefulgebant
894 1627 1006 1684 Cassius
1017 1637 1102 1701 utque

297 1707 407 1772 Brutus,
422 1723 455 1762 eo
465 1706 535 1779 ipso,
546 1704 622 1778 quod
632 1703 739 1777 efligies
750 1721 844 1760 eorum
858 1719 912 1758 non
926 1701 1100 1760 visebantur.

583 1951 812 1986 *nemo-

500 2185 637 2242 LIBER
675 2186 899 2253 QUARTUS.

347 2443 524 2485 Bssrlsrlnm.
550 2440 603 2493 can
616 2444 636 2482 1.
650 2443 747 2486 Tiberius
764 2446 841 2486 sterit.
868 2444 950 2486 Caum
966 2457 1034 2498 penas
1050 2447 1099 2490 Ael.

298 2510 410 2560 Seianum.
423 2512 484 2551 culus
493 2511 602 2562 intentum
612 2514 635 2550 et
647 2521 724 2552 mores.
751 2513 771 2552 1.
780 2511 805 2552 ,Is
814 2512 841 2551 sd
850 2514 1017 2555 dominationem
1026 2515 1099 2566 sospt-

296 2583 340 2628 sst,
353 2589 395 2629 quo
405 2583 429 2619 ut
441 2579 560 2628 porvsmst.
573 2579 654 2618 Romm
662 2580 685 2618 ln
694 2582 764 2620 onstrs
776 2580 882 2629 praetoris
890 2581 980 2622 militem
989 2583 1098 2624 conducit.

296 2648 316 2686 8.
326 2647 404 2700 Druso,
413 2646 492 2693 ,liborii
501 2645 551 2693 fillo,
560 2646 674 2686 insidiatur
685 2657 724 2696 per
732 2657 822 2687 uxorem
831 2649 884 2694 elus,
898 2651 972 2698 stupro
985 2649 1098 2700 pollutam.

295 2715 315 2754 4.
325 2714 409 2754 Drusus
418 2713 539 2754 Germanici
548 2716 620 2762 togam
628 2713 713 2754 virilem
725 2716 798 2755 sumit
817 2713 889 2754 status
902 2715 1008 2764 punnens.
1022 2727 1097 2758 unma-
1155 2714 1156 2751 l

295 2781 461 2830 missionum,
476 2776 499 2821 ’1.
511 2790 584 2820 omnm
594 2784 616 2820 at
624 2781 744 2821 cohortium
753 2785 776 2822 ot
784 2783 885 2822 classium
893 2783 942 2823 loos
953 2787 1097 2834 exponuntur.

295 2848 315 2888 ο.
326 2847 403 2910 clytlts
415 2847 571 2888 sumtuum
580 2849 649 2897 qmbs
658 2849 770 2890 bsotenns.
792 2851 812 2890 7.
825 2833 914 2902 suenus
927 2852 1046 2900 potentiam
1058 2861 1097 2892 sn·

295 2919 340 2965 sss,
353 2916 379 2956 a.
387 2913 472 2956 sublato
480 2925 519 2966 pes
526 2925 633 2956 smmum
640 2916 720 2957 Druso.
738 2917 836 2957 Tiberius
843 2917 937 2958 ulmum
947 2919 1053 2968 obfirmat.
1063 2929 1098 2962 ss·

295 2986 370 3024 ustum
379 2984 451 3032 artgtt,
464 2985 527 3034 sinuo
535 2983 590 3025 ultas
600 2982 722 3026 Germanioi
730 2985 773 3025 dno
782 2985 922 3032 commendat,
932 2989 957 3026 ut
965 2987 1051 3036 mpetu
1059 2989 1097 3028 bs-

295 3049 365 3092 miss.
387 3051 407 3090 9.
420 3050 493 3094 Funus
502 3051 574 3094 Druso
582 3052 680 3094 mimus.
701 3054 733 3094 10.
743 3052 774 3094 11.
788 3041 851 3093 Falsa
860 3052 886 3094 do
894 3051 965 3094 Druso
974 3054 1001 3095 sb
1010 3055 1096 3097 tuosuto
1153 3067 1154 3074 ¹
