2575 3734
201 469 324 545 neas.)
390 478 470 525 nra.
489 480 569 526 x1v.
590 482 679 529 car.
700 483 740 528 ao.
761 484 802 530 aa.
950 479 1000 534 355

201 582 255 638 lem
274 581 437 645 eiamorem
455 580 583 636 obiicere:
609 581 810 656 destinaturque
818 600 891 650 reus,
903 603 1000 660 cogno-

201 664 292 712 mento
300 654 430 720 Eucerus,
441 656 546 711 natione
555 654 863 723 Alexandrinus,canere
871 660 945 715 tibiis
952 662 1000 717 do-

201 739 271 787 ctus.
297 728 377 785 Actae
386 730 420 784 ob
429 730 457 784 id
466 730 499 784 de
508 730 612 785 ancillis
622 733 801 804 quaestiones,
812 742 839 788 et
848 735 875 788 vi
884 742 1000 792 tormen·

202 815 291 863 torum
309 804 389 860 victis
408 804 580 877 quibusdam,
600 814 630 860 ut
649 805 714 861 falsa
734 808 888 874 adnuerent,
908 809 1000 880 piures

201 882 341 953 perstitere
355 881 516 933 sanctitatem
531 880 656 935 dominae
667 882 746 936 tueri.
783 882 826 938 Ex
835 884 936 955 quibus
946 903 1000 941 una

198 956 314 1011 instanti
327 954 465 1027 Tigellino,
482 960 597 1010 castiora
609 973 663 1010 ease
674 953 812 1021 muliebrio
826 958 949 1014 Octauiae
958 976 1001 1015 re-

202 1029 319 1102 spondit,
337 1046 415 1098 quam
428 1046 457 1084 oa
470 1034 532 1083 eiua.
571 1030 691 1085 Moretur
705 1039 794 1087 tamen
802 1033 898 1103 primo,
910 1033 999 1089 civilis

201 1104 309 1161 discidii
328 1105 431 1175 specis:
461 1103 626 1177 domumque
644 1106 721 1160 burri
741 1115 767 1161 et
782 1108 887 1178 praedia
901 1106 997 1174 Plauti,

201 1180 317 1235 infausta
332 1178 410 1244 dona,
425 1179 533 1249 accipit:
554 1196 618 1234 mox
632 1180 662 1233 in
676 1179 848 1253 Campaniam
857 1181 936 1254 pulsa
947 1192 997 1249 est,

202 1254 291 1311 addita
305 1253 414 1307 militari
428 1253 555 1315 custodiass
596 1254 660 1309 Inde
669 1256 754 1310 crebri
764 1264 885 1329 questus,
897 1274 1000 1313 necoc-

202 1328 270 1385 culti
279 1345 326 1401 per
336 1328 459 1402 vulgum,
471 1328 515 1383 cui
524 1329 611 1384 minor
621 1330 759 1401 sapientia,
770 1339 805 1396 et,
817 1348 850 1386 ex
859 1332 1000 1389 mediocri-

204 1414 256 1459 tate
268 1402 396 1468 fortunae,
407 1404 531 1475 pauciora
540 1403 658 1476 pericula
668 1412 740 1459 sunt.
763 1406 811 1459 liis
820 1414 909 1461 motus
917 1408 996 1472 Nero,

203 1488 340 1551 tamquam
350 1478 510 1551 poenitentia
519 1476 622 1560 flagitii,
631 1480 772 1552 coniugem
781 1482 913 1538 revocavit
921 1480 999 1536 Octa-

202 1572 285 1609 vram
650 1587 653 1592 ·

260 1632 302 1683 61.
322 1629 392 1683 Exin
408 1628 468 1683 laeti
481 1627 640 1699 Capitolium
654 1628 798 1693 scandunt,
812 1627 928 1699 deosque
940 1637 999 1683 tan-

204 1704 266 1759 dem
279 1710 446 1759 venerantur.
486 1702 595 1777 Effigies
609 1704 744 1775 Poppaeae
757 1711 901 1775 proruunt:
922 1695 999 1757 Octa·

203 1780 263 1834 viae
272 1779 403 1852 imagines
412 1786 516 1852 gestant
525 1778 655 1844 humeris,
667 1785 795 1851 spargunt
804 1775 999 1841 floribusioro-

202 1870 258 1927 qne
269 1870 300 1908 ac
308 1852 415 1924 templis
425 1861 552 1908 statuunt.
568 1852 623 1907 Itur
633 1860 658 1907 et
668 1854 696 1908 in
706 1852 835 1925 principis
845 1851 946 1916 laudes,
957 1868 1000 1906 re-

123 1964 124 1969 1
202 1928 313 2001 petitam
325 1928 516 1983 venerantium.
537 1928 647 2001 iamque
655 1936 681 1982 et
689 1927 818 1999 palatium
827 1925 998 1981 multitudine

204 2011 232 2058 et
246 2001 404 2057 clamoribus
418 2002 592 2074 complebant,
611 2020 674 2057 cum
689 2004 780 2058 emissi
793 2001 911 2057 militum
924 2000 997 2075 globi

123 2122 129 2135 .
205 2076 362 2133 verberibus
376 2076 847 2135 etintentoierrotnrbamdisiecere.
868 2077 999 2132 Mutata-

203 2170 268 2226 que,
280 2168 349 2225 quae
361 2170 408 2225 per
418 2152 574 2207 seditionem
584 2160 725 2219 verterant,
736 2160 762 2208 et
770 2153 904 2225 Poppaeae
912 2152 997 2209 bonos
1072 2183 1078 2194 ι
1152 2167 1157 2178 ·

203 2229 336 2301 repositus
349 2235 396 2283 est.
436 2226 510 2293 Quas
523 2239 628 2299 semper
641 2226 711 2293 odio,
726 2234 785 2281 tum
794 2236 819 2282 et
828 2235 902 2284 metu
911 2236 994 2293 atrox,

193 2320 239 2357 ·ne
249 2310 296 2357 aut
307 2302 382 2377 vulgi
391 2303 474 2358 acrior
484 2302 526 2358 vis
536 2303 680 2376 ingrueret,
696 2309 741 2356 aut
749 2304 819 2358 Naro
828 2303 997 2359 inclinatione

193 2376 297 2449 populi
310 2384 464 2443 mutaretur,
475 2377 612 2449 provoluta
621 2377 737 2451 genibus
747 2379 818 2447 eius:
839 2379 899 2434 Non
908 2396 937 2433 eo
947 2381 997 2432 ioci

201 2470 246 2508 rea
258 2470 321 2507 suaa
334 2457 386 2521 api,
400 2460 429 2506 ut
438 2457 469 2506 de
477 2456 641 2507 matrimonio
651 2461 730 2508 certet
738 2450 902 2526 (quamquam
911 2456 939 2505 id
948 2454 998 2505 sibi

201 2526 360 2599 citopotiua)
377 2531 422 2581 ard
432 2532 513 2582 vitam
530 2532 613 2597 ipsam
629 2532 659 2582 io
677 2537 819 2583 extremum
832 2531 971 2581 aciacum
981 2544 999 2579 a

203 2604 328 2657 clientelis
338 2610 362 2655 et
369 2606 482 2657 servitiis
493 2602 623 2666 Octaviae,
635 2620 701 2672 quoe
706 2606 789 2671 plebia
798 2604 848 2655 sibi
856 2616 946 2653 romeu
955 2603 997 2652 irr-

201 2680 325 2740 diderint,
337 2680 552 2745 eainpnccauai,
568 2680 913 2747 quaevicooiioeorrirent,
945 2679 998 2727 Ar-

201 2768 246 2805 ma
259 2754 308 2805 iiio
321 2754 446 2805 αάυονειιε
454 2755 599 2820 principem
610 2760 728 2821 sumpta:
746 2754 836 2804 ducem
845 2751 998 2803 tantumde-

203 2828 296 2893 [uiaae‚·
315 2832 369 2894 pai,
384 2829 557 2890 mutieribus,
571 2829 651 2897 focile
661 2827 827 2894 reperiretur.
866 2822 998 2879 Omitterct

203 2902 279 2953 modo
290 2898 465 2969 campaniam,
481 2909 506 2955 et
516 2904 546 2954 iri
554 2904 643 2955 urbem
651 2904 735 2968 ipsam
743 2905 868 2968 perperat,
879 2902 915 2953 od
924 2900 998 2952 ouius

203 2980 295 3027 ratum
304 2974 415 3046 absentia
425 2978 548 3031 tumuitus
558 2979 696 3031 cirrsutrr.
716 2972 915 3102 Qozrrdoiicquio
923 2987 997 3026 ruam
