2575 3734
290 483 339 561 tte
568 483 804 534 eumaeum
855 553 857 558 Ι
951 475 1086 550 (acan.

288 597 358 654 slas,
379 586 459 660 quasi
475 583 559 642 nullis
576 585 632 640 iam
648 585 679 640 in
697 583 785 640 Ali-ica
803 583 943 650 hostibus,
961 587 1088 656 reportari

288 680 387 724 nonem
397 661 666 736 legionemiusserut:
685 676 737 716 ¹uec
745 659 886 732 proconsul
898 660 958 716 eius¹
966 661 1045 722 anni,
1056 661 1087 716 P.

289 736 436 802 Dolabella,
452 737 566 791 reticem
577 750 661 790 ausus
674 741 743 800 erat,
758 734 833 790 iussa
846 734 976 806 principis
989 735 1086 808 magis,

289 829 373 885 quam
382 812 482 869 incula
491 808 565 873 belli,
576 816 708 870 mouens,

345 888 388 944 il.
408 885 494 958 Igitru
502 881 663 948 Tacfarinas,
674 883 793 954 disperso
803 898 919 948 rumore,
928 899 984 937 rem
993 883 1089 938 liemc-

289 979 351 1027 ucm
364 963 426 1014 alite
440 975 538 1028 quoque
552 961 585 1012 et
596 961 744 1014 nationibus
754 959 880 1020 lacerari,
895 961 1089 1027 eoqcepacttn·

290 1034 441 1104 timitem
449 1036 581 1095 decadae,
596 1051 630 1087 cc
640 1049 715 1100 posse
727 1034 841 1101 reliquos
854 1035 1050 1096 circumveniri,
1065 1033 1090 1086 ei

291 1109 598 1177 cunctt,puilealtlertua
607 1109 1090 1179 rautttepettor‚tueetutueut,auget

289 1184 372 1248 viros,
381 1181 642 1254 positisquectstris,
650 1181 825 1238 Thamuscum
833 1180 962 1252 oppidum
971 1181 1090 1236 circum-

289 1255 368 1314 sidet.
399 1255 434 1311 tt
443 1255 586 1321 Dolabella,
597 1263 737 1320 multante,
750 1255 886 1327 quoderat
896 1255 1025 1320 militum,
1036 1265 1090 1310 ter-

289 1349 350 1387 rore
358 1322 476 1386 nominis
484 1331 647 1397 Romeui,et‚
658 1331 723 1404 quia
732 1330 864 1410 Numidae
872 1330 993 1402 peditum
1003 1332 1090 1386 aciem

289 1405 359 1462 ferre
367 1414 517 1478 nequeunt,
532 1406 620 1477 primo
628 1406 673 1460 sui
682 1406 789 1461 incessu
796 1405 877 1461 solvit
886 1405 1037 1472 obsidium,
1048 1405 1092 1462 lo-

289 1497 437 1552 corumque
444 1489 592 1553 opportuna
600 1480 779 1552 permunivit:
790 1479 873 1536 simul
882 1480 1018 1553 principes
1028 1481 1092 1536 Mu-

289 1555 460 1621 sulanorum,
479 1553 654 1612 delectionem
666 1563 836 1627 ,coeptantem
856 1555 944 1610 securi
962 1556 1089 1628 percutit.

289 1632 371 1695 an,
382 1631 447 1703 quia
456 1629 580 1702 pluribus
589 1630 732 1687 adversum
742 1629 932 1688 Tacfarinatem
941 1630 1092 1702 expeditio-

290 1707 371 1763 nibus
380 1707 526 1779 cognitum,
537 1721 591 1762 uon
601 1706 743 1780 graviuec
751 1723 805 1760 uuo
813 1705 924 1760 incursu
934 1715 1092 1762 consectan-

289 1781 357 1838 dum
365 1782 468 1838 hostem
480 1798 592 1854 vagina,
604 1780 689 1836 excite
699 1798 762 1836 cum
771 1779 945 1852 popularibus
955 1797 1017 1854 rege
1027 1781 1092 1841 Pte-

290 1855 403 1922 lemaeo,
418 1864 532 1928 quatuor
541 1856 649 1929 agmina
657 1864 743 1927 parat,
759 1872 828 1926 quae
842 1854 935 1928 legatis
945 1863 991 1910 aul
999 1855 1091 1916 ,tribu-

289 1932 333 1988 uis
342 1931 416 1987 data:
436 1941 463 1986 et
475 1931 651 2002 praedatorias
664 1947 760 1986 manus
770 1929 863 1986 delecti
872 1930 1026 1986 Maurorum
1036 1930 1091 1986 du-

289 2023 362 2061 xere.
400 2003 844 2075 Ipseconsultoraderatomnihus.

343 2081 387 2135 25.
407 2079 463 2134 Nec
470 2078 555 2134 multo
563 2087 624 2152 post
632 2079 762 2146 adfertur,
775 2081 902 2136 Numidas
911 2083 982 2148 apud
992 2083 1090 2134 cuatel-

290 2157 515 2228 temeraturum,
530 2158 564 2209 ul>
574 2159 638 2223 ipsis
648 2159 777 2224 quondam
786 2158 929 2218 incensum,
945 2159 1090 2210 octauam

288 2231 393 2292 Auzea,
406 2231 506 2296 petitia
517 2231 835 2298 mepaliltu-ceasedtem3
856 2233 916 2298 {lece
934 2232 1001 2294 loce,
1023 2235 1089 2298 quia

288 2306 370 2358 vaste
389 2305 487 2356 circum
509 2306 620 2358 saltibus
642 2306 818 2361 claudebatur.
857 2304 926 2359 Tum
949 2305 1089 2376 expeditae

289 2376 407 2433 cohortes
417 2375 541 2448 alaeque,
556 2394 639 2448 quam
648 2378 677 2433 in
687 2385 788 2449 partem
798 2377 957 2434 ducerentur
966 2379 1086 2452 ignarae,

289 2451 349 2506 cite-
358 2451 466 2524 agmine
483 2451 633 2522 rapiuntur.
672 2451 813 2524 Simulque
831 2461 939 2524 coeptus
962 2454 1034 2520 dies,
1054 2457 1089 2510 'et

289 2533 417 2582 eonsentu
430 2525 570 2592 luberent,
589 2540 622 2582 ac
633 2528 703 2584 truci
717 2527 831 2583 clamere
849 2528 957 2584 aderaut
973 2531 1089 2585 semisc-

289 2600 552 2658 mnesinherbares:
572 2601 731 2672 praepeditis
740 2603 918 2658 Numidarum
932 2605 1024 2676 equis,
1041 2613 1090 2670 aut

288 2675 508 2748 diumeespestue
517 2675 723 2747 pererranlibus.
762 2677 938 2734 AbRomanis
952 2679 1088 2736 confertus
1166 2699 1167 2724 t

287 2749 384 2823 pedes,
399 2751 544 2823 dispositae.
550 2757 667 2817 turmae,
681 2761 776 2808 cuncta
784 2752 883 2826 proelio
894 2755 1018 2825 precisas
1037 2754 1090 2810 he·

287 2825 376 2883 stibus
388 2835 493 2892 conca,
507 2827 630 2884 omnium
642 2829 755 2893 nesciis,
771 2845 825 2884 nen
836 2845 926 2894 arma,
943 2847 996 2886 neu
1009 2829 1085 2898 orde,

288 2918 344 2957 nou
351 2901 517 2959 eonsiliumz.
529 2901 577 2958 sed
585 2919 712 2974 pecorum
722 2903 893 2969 modo-trahi,
904 2903 1002 2966 occidi.
1014 2905 1086 2976 eapi.

288 2974 414 3034 infensus
421 2977 501 3034 miles
509 2979 638 3053 memoria
647 2977 777 3046 laborum,
789 2987 814 3036 et
823 2977 965 3036 aduersum
975 2979 1090 3036 eluden-
