2575 3734
177 497 300 595 iscus.)
359 528 439 575 mn.
460 529 535 576 xm.
556 530 644 578 cnr.
666 530 789 577 os-as.
819 502 822 507 ¹
924 525 974 581 357

177 629 287 687 claudit.
326 628 385 685 Non
399 628 450 683 alia
464 628 541 686 exsul
551 630 697 687 visentium
709 631 800 689 oculos
812 634 912 689 meloto
921 637 975 689 mi-

177 703 321 761 sericordia
331 702 435 759 adfecit.
472 704 649 761 Meminerant
660 706 749 762 adbuc
756 707 866 780 quidam
877 708 975 781 Agrip·

176 782 267 853 pinne,
283 777 427 847 nTiberi03
448 780 576 835 recentior
587 779 672 835 Iuliae
680 781 975 845 memoriaobvereube*

177 866 232 920 tur,
244 852 380 910 aclaudio
389 851 491 925 pulsae.
523 852 973 915 Sedillisrobnrnetstisadiuerct:

178 930 247 985 laeta
256 928 348 1001 aliqua
356 926 488 993 viderant,
499 937 525 983 et
533 935 698 1001 praesentem
709 932 846 987 saevitiam
857 923 976 987 melioris

177 1004 245 1060 olim
256 1002 374 1059 fortunae
388 1002 565 1059 recordatione
574 1004 739 1062 adlevabent.
779 1007 847 1061 lluic
855 1008 974 1079 primum

177 1078 333 1151 nuptiarum
348 1077 406 1133 dice
421 1076 477 1133 loeo
488 1077 591 1134 funeris
605 1078 665 1145 fuit,
677 1080 804 1136 deductae
814 1082 842 1136 ln
852 1080 979 1145 domum,

177 1154 208 1209 in
221 1170 275 1225 qun
288 1150 357 1207 nihil
372 1152 426 1207 nisi
440 1152 592 1209 luctuosum
605 1153 722 1220 baberet,
738 1164 826 1227 erepto
838 1172 886 1228 per
894 1172 975 1212 vene-

178 1247 246 1284 num
260 1235 334 1299 patre
343 1234 368 1281 et
378 1228 466 1281 statim
477 1225 569 1283 fratrc:
589 1235 648 1283 tum
658 1229 753 1285 ancilla
762 1230 869 1286 domina
879 1230 975 1287 validi·

177 1321 222 1359 or:
243 1311 270 1357 et
278 1302 396 1373 Poppaea
407 1302 514 1357 nonnisi
524 1302 552 1357 in
560 1304 708 1374 perniciem
717 1306 809 1360 uxoris
818 1314 915 1378 nuptu:
926 1322 975 1377 po-

177 1386 279 1433 stremo
288 1377 388 1432 crimen
398 1376 472 1431 omni
481 1377 562 1432 exitio
569 1378 689 1451 gravius.

236 1455 278 1507 ol.
297 1450 336 1506 Ac
344 1449 442 1522 puella,
454 1452 581 1508 vicesimo
591 1453 682 1506 aetatis
691 1468 770 1518 anno,
782 1454 850 1508 inter
859 1457 975 1510 centuri-

177 1544 244 1584 ones
258 1533 284 1581 et
296 1526 404 1591 milites,
419 1526 557 1600 praesagio
570 1526 702 1581 malorum
715 1528 770 1582 iam
780 1528 833 1583 vita
842 1539 972 1601 exempta,

179 1600 300 1657 nondum
309 1608 396 1655 umen
407 1608 490 1656 morte
500 1601 692 1673 acquiescebat.
723 1602 819 1657 Paucis
827 1601 924 1657 debinc
931 1604 975 1658 in-

179 1676 294 1731 teriectis
309 1675 403 1730 diebus
417 1676 485 1731 mori
499 1676 622 1732 iubetur:
643 1690 706 1731 cum
723 1676 777 1731 iarn
791 1676 902 1731 uiduam
912 1692 942 1731 ae
951 1686 976 1732 et

162 1763 164 1783 ⁸
179 1758 283 1807 tantum
293 1766 409 1806 sororem
418 1758 566 1817 testaretur,
578 1750 973 1824 communesqueGermanicos,

178 1834 204 1881 et
222 1834 356 1899 postremo
374 1824 536 1899 Agrippinae
555 1842 653 1881 nomen
665 1826 754 1892 cieret,
769 1843 823 1899 qna
834 1824 973 1893 incolumi,

177 1898 274 1957 inlclix
284 1899 393 1973 quidem
406 1900 617 1967 matrimonium,
628 1900 675 1955 sed
683 1901 741 1955 sinc
750 1900 839 1967 exitio,
849 1900 976 1973 pertulis-

177 1984 229 2031 set.
268 1970 445 2049 Restringitur
459 1974 586 2041 vinculis,
601 1993 738 2048 venaeque
752 1976 810 2031 eius
822 1992 870 2048 per
881 1993 975 2031 omnes

178 2058 255 2107 artus
274 2048 459 2109 exsolvuntur:
484 2058 518 2116 et,
538 2048 602 2123 quin
619 2068 731 2122 pressus
742 2068 846 2123 ‚pavore
864 2053 975 2125 sanguis

177 2124 284 2180 tardius
303 2123 446 2191 labebatur,
466 2124 610 2197 perlervidi
628 2126 716 2181 balnei
731 2143 828 2197 vapore
841 2136 972 2183 enecatur.
1069 2170 1074 2177 .

177 2200 347 2273 Additurque
360 2200 469 2256 audcior
481 2201 606 2267 saevitia,
625 2201 699 2274 quod
715 2209 795 2274 ceput
808 2208 974 2273 amputatum
998 2202 1003 2209 ’

178 2275 318 2348 latumque
335 2274 365 2330 in
383 2275 492 2341 urbem,
513 2276 632 2347 Poppece
651 2276 728 2331 vidit.
767 2276 838 2331 Dona
855 2276 891 2332 ob
909 2275 975 2331 baec

177 2348 287 2422 templis
296 2349 407 2406 decreta.
446 2350 523 2418 Quod
537 2351 570 2407 ad
583 2366 645 2405 eum
662 2350 742 2405 linem
755 2352 973 2414 memoravimus,

176 2433 219 2491 ut,
230 2425 396 2499 quicumque
405 2441 482 2480 casus
493 2433 641 2497 temporum
652 2424 769 2491 illorum,
776 2427 852 2481 nobis
862 2426 903 2481 vel
914 2425 974 2479 aliis

177 2494 342 2565 auctoribus,
363 2508 480 2565 noscent,
500 2508 702 2571 praesumptum
716 2500 839 2565 habeant,
851 2500 974 2571 quotiens

177 2572 257 2647 fugas
267 2580 293 2628 et
302 2570 394 2628 caedes
404 2574 483 2629 iussit
492 2574 728 2645 princeps,totiens
737 2573 972 2649 gratesdeisectes,

177 2664 303 2721 quaeque
311 2664 402 2703 rerum
411 2647 588 2703 secundarum
599 2646 675 2713 olim,
690 2657 748 2705 tum
757 2647 879 2720 publicae
891 2645 974 2700 cladis

176 2722 296 2796 insignia
310 2720 403 2777 luisse.
442 2724 535 2795 Neque
550 2729 636 2777 temen
650 2720 803 2787 silebimus,
816 2720 921 2793 siquod
932 2738 984 2777 se-.

129 2780 130 2863 l
178 2806 257 2851 natus
266 2795 420 2926 fqqnsultum
430 2796 578 2852 adulatione
588 2814 688 2852 novum
696 2796 975 2869 autpatientiapoatre·

177 2888 257 2928 mum
295 2871 325 2925 it.

234 2946 277 3000 db.
297 2945 395 3001 Eodem
409 2962 478 3002 enno
487 2943 642 3001 libertorum
657 2944 810 3017 qmtiseimos
820 2960 921 3000 veneno
931 2946 975 2999 in·

176 3018 312 3075 teriecisse
321 3021 437 3077 creditus
447 3028 499 3091 est;
511 3020 707 3095 Doryphorum,
718 3019 796 3091 qussi
806 3019 974 3073 adversatum
