2575 3734
213 481 341 556 acan)
409 491 489 537 urs.
509 491 560 538 xl.
583 491 674 540 car.
696 492 820 539 11-1a.
967 485 1020 544 aaa

212 591 312 648 dorum
322 589 419 662 opibus
428 589 552 658 raleotrm,
561 607 610 663 per
620 589 698 656 laeta,
708 607 758 662 par
767 589 888 657 advarm,
897 591 1021 648 rescha-

213 683 310 722 tuscas
320 663 477 721 adflictabat.

272 743 314 796 l8.
335 740 385 794 Per
404 739 475 794 idem
494 745 600 810 tempus
618 737 736 805 Chauoi,
759 737 835 794 nulla
853 739 1020 798 dissensione

213 815 298 880 domu,
310 821 336 870 et
345 821 429 870 morte
438 812 581 886 Sanquinii
591 813 705 879 alaeres,
718 813 786 868 dum
795 812 912 870 Corbulo
919 814 1020 872 advan-

214 897 264 955 tat,
281 887 434 944 inferiorem
445 887 616 944 Germaniam
629 889 815 954 incursavere,
829 887 899 946 duna
911 889 1021 946 Ganna-

213 981 274 1020 soo:
295 963 346 1036 qui
356 964 462 1019 natione
471 961 641 1028 Canninefas,
652 962 793 1020 auxiliaris
801 963 886 1020 atdiu
894 965 1018 1028 meritus,

212 1047 275 1112 post
285 1037 437 1112 transfuga,
453 1037 559 1102 levibus
569 1038 686 1112 navigiis
694 1036 917 1109 praedabundus,
929 1037 1020 1096 Gallo-

212 1131 278 1170 rum
292 1113 411 1168 maxime
423 1129 498 1168 nram
512 1112 647 1178 mulnet,
662 1129 717 1170 non
725 1113 851 1186 ignarus,
862 1113 932 1169 dites
940 1120 967 1168 et
974 1114 1018 1168 in-

212 1187 376 1244 bellesessa.
415 1186 450 1242 tt
459 1185 574 1242 Corbulo
583 1187 749 1258 provinciam
759 1187 1018 1275 ingressus,magna

212 1281 278 1318 oum
292 1278 371 1327 eura,
390 1268 417 1316 et
429 1277 492 1318 mox
507 1260 607 1334 gloria,
626 1262 672 1317 nui
684 1262 850 1333 prinoiprum
862 1261 909 1318 illa
921 1261 1018 1318 militia

212 1336 275 1402 luit,
286 1337 409 1392 triremes
419 1335 494 1395 alveo
504 1335 601 1400 Rheni,
612 1342 712 1392 ceteras
722 1337 843 1403 uadum,
854 1344 886 1392 ut
893 1353 1019 1410 vaeque

212 1411 333 1478 habiles,
353 1427 401 1483 per
420 1411 552 1466 aestuaria
569 1417 595 1466 et
612 1407 697 1466 fossas
715 1410 816 1484 adegit:
837 1410 1019 1484 lintribusque

211 1487 334 1544 hostium
347 1485 495 1557 depressis,
516 1492 543 1542 at
558 1484 697 1540 exturbato
710 1484 865 1552 Gannasco,
879 1486 928 1542 uhi
941 1503 1019 1558 prae-

211 1563 300 1624 sentia
309 1559 374 1616 eatis
382 1560 527 1632 oomposita
537 1567 611 1625 aunt,
622 1558 751 1634 legiones,
759 1577 872 1632 operum
882 1568 908 1616 et
919 1560 1017 1618 laboris

211 1639 335 1768 iffi
354 1633 727 1784 ἓὲρὲἐῗὲᾚωΐῗέοᾟὲἓε
743 1635 1019 1782 lillglffi

212 1787 318 1874 iussus,
328 1751 418 1874 iniret.
429 1860 435 1872 Ι
448 1783 587 1873 stationes,
598 1783 718 1858 vigiliae,
728 1750 826 1840 diurna
835 1751 1018 1872 noeturrlaqua

196 1878 319 2010 ,tim
327 1857 1019 2007 litttdlltttlttsslffilttattff

211 2020 273 2068 tum
283 2009 417 2066 aooinotus
427 2008 535 2074 inderet,
546 2016 630 2066 morte
639 2009 759 2081 punitos.
798 2007 1019 2076 Quaanimia,et

212 2088 347 2142 incertum
360 2102 395 2141 an
408 2083 475 2141 falso
488 2085 568 2150 iacta,
589 2084 723 2159 originem
742 2091 831 2142 umen
850 2099 866 2141 a
878 2084 1018 2140 severitate

212 2162 418 2218 dunistmxere:
434 2161 622 2232 intentumque
631 2159 774 2233 etmsgnis
782 2158 886 2214 delictis
895 2159 1018 2215 inexora-
1138 2179 1142 2186 ·

212 2236 297 2292 bilem
306 2235 386 2302 scias,
396 2235 441 2290 oui
451 2241 555 2292 mutum
564 2236 714 2307 asperitatis
722 2235 802 2292 etiam
810 2233 940 2292 adversus
948 2233 1018 2292 lavia

212 2310 457 2442 credintllltllllerurn
470 2384 496 2440 is
509 2391 592 2440 terror
605 2382 707 2440 milites
720 2381 863 2455 hostesque
880 2383 910 2439 in
928 2383 1020 2439 divor-

115 2459 116 2464 ’
212 2477 277 2518 sum
286 2458 391 2516 adiecit.
421 2459 476 2515 Nos
487 2459 612 2515 virtutem
623 2458 764 2516 auximm:
776 2457 884 2514 barbari
892 2455 1018 2514 ferociam

199 2535 356 2609 infregere.
394 2534 429 2590 Et
437 2534 509 2590 natio
517 2533 666 2590 Frisiorum
674 2541 736 2605 post
744 2532 930 2598 rebellionem,
944 2531 1018 2588 clade

212 2612 246 2666 L.
258 2609 371 2682 Apronii
380 2616 514 2681 ooaptam,
526 2607 646 2673 infensa,
657 2615 704 2664 aut
713 2607 784 2663 mele
793 2607 856 2672 fida,
866 2606 936 2661 datis
944 2605 1019 2662 obsi·

212 2685 296 2742 dibus
317 2683 437 2740 eomedit
460 2681 634 2756 apud.agros
653 2699 670 2738 a
687 2680 838 2739 Corbulone
860 2679 1016 2752 desumptos.

115 2763 116 2768 ’
213 2760 289 2818 ldem
302 2766 440 2824 senatum,
456 2755 642 2831 magistratus,
659 2755 732 2830 leges
746 2756 876 2828 inposuit.
914 2754 970 2822 Aa,
984 2771 1019 2842 na

215 2836 290 2890 iussn
308 2840 449 2899 exuerent,
470 2831 635 2904 praesidium
655 2831 817 2899 inmunivit3
840 2830 947 2896 mnam,
968 2847 1018 2902 qru

215 2910 329 2966 maiores
338 2905 675 2966 Chauoosaddeditionem
682 2905 846 2979 pellieerent,
855 2904 937 2965 simul
944 2905 1019 2962 Gau·

171 3027 174 3043 .
214 2999 328 3040 osseum
342 2981 402 3040 dole
416 2980 631 3057 adgrederentur.
671 2981 727 3038 Neo
739 2980 836 3039 inritae
847 2987 894 3037 aut
903 2979 1019 3053 degene-
