2575 3734
188 485 301 558 ruzi.)
381 494 462 540 uro.
479 494 533 540 ur
554 494 642 542 cau.
664 463 786 542 zo-a'a.
934 492 984 545 w!

185 593 270 659 tuliae,
285 593 372 649 Drusi
385 593 466 649 filiae.
505 593 593 667 thue
606 593 673 650 haao
686 595 804 652 secundo
818 613 934 663 rumore,
948 600 983 654 ita

184 669 300 724 adversis
314 669 417 724 animis
426 676 574 741 aooeptum,
585 669 727 743 quodtilio
739 669 845 728 Claudii
854 687 928 726 sooar
937 672 985 728 Se-

183 746 256 799 ianus
266 743 458 800 destinaretur.
497 743 628 800 Polluisaa
637 743 803 800 nobilitatem
813 743 931 802 familiae
945 748 985 802 vi-

182 819 301 884 debatur,
313 825 527 892 auspeotumqua
536 820 591 874 iam
600 819 701 876 nimiae
709 821 767 892 spei
777 803 905 876 Seianuiu
916 820 984 876 ultra
1098 839 1103 850 ·

183 891 321 949 extulisse.

232 972 277 1024 ao.
298 939 874 1044 ruemmmmauagnaau
889 969 919 1024 a.
931 969 986 1026 νο-

183 1042 277 1111 lustum
292 1049 321 1098 et
334 1041 480 1097 Sallustius
494 1041 617 1114 Crispus.
656 1043 767 1101 Volusio
779 1052 857 1100 vetus
870 1043 982 1108 familia,

183 1134 267 1191 neque
280 1125 375 1173 tamen
388 1124 540 1189 praeturam
553 1135 673 1192 egressa:
693 1119 751 1192 ipsa
763 1118 931 1176 oonsulutum
940 1121 984 1174 in-

183 1193 249 1259 tulit,
265 1192 392 1248 oensoria
404 1193 485 1247 etiam
499 1199 626 1265 potestate
639 1192 759 1268 legendis
769 1195 891 1268 equitum
901 1195 983 1250 dacu-

183 1268 226 1323 riis
240 1267 367 1332 functus,
380 1283 527 1340 opumque,
540 1268 604 1342 quis
613 1267 712 1324 domus
721 1267 767 1324 illa
776 1270 932 1325 inmensum
942 1271 985 1324 vi-

183 1343 247 1415 guit,
257 1343 371 1414 primus
379 1340 572 1398 adcumulator.
612 1341 750 1416 Crispum,
764 1345 881 1416 equestri
895 1351 983 1399 ortum

184 1418 246 1484 looo,
260 1417 293 1473 C.
308 1415 465 1482 Sallustius,
480 1432 571 1472 rerum
583 1417 765 1474 Romanarum
780 1417 983 1486 florentissimus

184 1500 281 1559 auctor,
292 1491 396 1547 sororis
406 1499 529 1564 nepotem
539 1492 568 1547 in
578 1509 676 1550 nomen
685 1491 807 1549 adscivit.
828 1492 916 1566 Atque
926 1493 981 1555 ille,

184 1584 351 1640 quamquam
369 1574 493 1638 prompto
511 1565 545 1623 ad
560 1565 743 1640 oapeasendos
764 1568 878 1624 honores
898 1567 981 1632 aditu,

185 1643 362 1698 ilawenatam
376 1640 535 1707 aemulatus,
550 1643 609 1698 sine
621 1642 749 1718 dignitate
760 1643 901 1709 senatoria,
912 1641 985 1698 mul-

184 1727 221 1773 tos
229 1714 440 1789 triumphalium
450 1715 689 1790 oonsulariumque
697 1717 813 1790 potentia
823 1717 928 1772 anteiit:
942 1717 984 1772 di·

185 1810 276 1848 versus
290 1808 308 1848 a
324 1797 447 1846 veterum
459 1791 591 1858 instituto,
606 1808 656 1864 par
669 1791 772 1848 cultum
788 1798 813 1846 at
822 1790 982 1858 munditias;

186 1861 314 1940 copiaque
323 1872 350 1921 et
358 1863 502 1921 adfluentia
511 1865 578 1922 luxu
589 1867 712 1938 propior:
727 1866 835 1922 suberat
844 1873 932 1921 tamen
942 1867 984 1920 vi-

185 1959 229 2015 gor
241 1941 340 2007 animi,
356 1941 512 2014 ingentibus
527 1941 641 2015 negotiis
654 1958 713 2014 par,
727 1957 758 1997 eo
772 1942 866 2006 aerior,
877 1957 932 2013 quo
941 1957 984 1996 so-

186 2035 278 2072 mnum
288 2015 450 2071 etinertiam
460 2015 547 2090 magis
556 2015 711 2072 ostentabat.
751 2015 844 2090 Igitur,
855 2015 984 2071 inoolumi

186 2092 348 2156 llaeoenate,
369 2090 523 2162 proximus,
544 2107 609 2147 mox
625 2090 802 2162 praecipuus,
822 2089 867 2146 oui
885 2097 984 2146 secreta

186 2167 378 2239 imperatorum
399 2165 594 2231 inniterentur,
620 2173 646 2221 at
666 2164 841 2222 interficiendi
865 2165 984 2220 Postumi

187 2241 320 2315 Agrippae
333 2239 468 2308 oonsoius,
484 2247 567 2296 aetate
578 2247 713 2313 provecta,
728 2241 845 2313 speciem
859 2257 904 2294 ma
924 2241 931 2254 '
955 2240 985 2312 in
1062 2257 1065 2264 ·

186 2315 454 2386 amicitiaprinoipis,
467 2333 549 2389 quam
562 2315 620 2371 vim
630 2317 725 2372 tenuit.
748 2315 832 2387 quue
845 2322 870 2370 et
910 2329 985 2370 aece-

186 2390 238 2446 uati
247 2390 393 2458 aocidemt;
414 2387 467 2445 fato
475 2389 615 2463 potentiae,
630 2407 690 2446 raro
700 2391 885 2462 sempiternae,
897 2404 931 2443 an
942 2405 985 2443 sa-

185 2465 234 2521 tias
246 2465 334 2537 uapit,
355 2472 402 2519 aut
414 2463 485 2532 illos,
506 2482 569 2521 cum
582 2465 674 2520 omnia
688 2464 847 2530 tribuerunt,
865 2471 912 2518 aut
923 2462 984 2524 bos,

185 2557 246 2596 orm
255 2541 315 2595 iam
327 2537 396 2594 nihil
406 2538 543 2611 reliquum
553 2546 603 2606 ast,
614 2539 688 2612 quod
700 2539 818 2612 cupiant.

238 2618 282 2670 al.
304 2611 432 2686 Sequitur
440 2613 540 2670 Tiberii
550 2623 672 2688 quarms,
686 2614 767 2669 Drusi
777 2609 912 2668 secundus
922 2625 986 2666 oon-

184 2689 301 2754 solatus,
311 2689 397 2759 patris
406 2694 486 2760 atqua
494 2688 544 2744 tilii
554 2688 665 2762 eollegio
674 2689 728 2744 insi
766 2689 801 2742 is.
831 2686 900 2740 Nam
909 2683 986 2741 biau-

185 2765 229 2819 nio
237 2771 302 2819 ante
312 2763 466 2818 Germanici
475 2763 648 2819 cumTiberio
657 2761 728 2818 idem
757 2777 833 2827 onor,
841 2775 930 2832 neque
938 2775 991 2830 pa-‚

184 2847 244 2894 truo
257 2837 357 2902 laeua,
372 2854 461 2908 neque
470 2845 565 2893 natura
572 2845 627 2893 tam
637 2853 775 2893 oonnerrus
785 2833 879 2890 iuerat.
919 2834 986 2890 Eius

184 2914 249 2968 anni
257 2911 396 2985 principio
405 2911 539 2978 Tiberius,
550 2913 630 2984 quasi
639 2909 786 2968 firmandae
794 2907 986 2968 valetudini,in

185 2986 364 3062 Campaniam
374 2988 513 3052 noncessit,
523 2985 631 3060 longam
639 2992 667 3040 et
675 2984 828 3040 continuam
839 2977 985 3032 maeotium
