2575 3734
192 549 216 584 a.
229 547 253 585 e.
267 529 315 600 es.)
381 537 461 582 mn.
481 533 561 584 xttt.
581 537 675 584 cas.
695 535 815 584 29—41.
945 533 995 587 eit

190 637 224 692 iit
244 635 356 692 imbelle
370 636 470 712 vuigm
489 637 542 692 suh
561 653 657 693 eorona
671 637 871 694 venundatum:
892 638 994 712 reliqua

117 713 118 718 ’
190 711 290 784 praeda
299 711 545 767 victoribuseessit.
580 712 640 767 Pari
650 711 996 788 ionmaiagatusaeprae-

190 785 277 842 ieetrrs
287 787 332 841 usi
341 794 415 854 sunt,
424 787 567 858 tribusque
576 801 631 842 nna
641 786 815 842 diameteiiis
823 790 993 860 expugnatis,

189 869 277 916 oeoera
290 867 398 926 terrore,
414 867 440 916 et
452 859 504 915 aiia
518 867 612 932 sponte
625 860 774 918 inooianrm
791 863 821 917 iu
834 861 995 936 deditionem

189 935 343 1024 veniebant.
382 934 459 991 Unde
470 941 526 990 ortt
541 934 734 1026 iidueia'oaput·
746 938 844 1011 gentis,
860 935 993 1026 inuata,

189 1008 996 1159 titillaitiiiiitiitttittitt
1058 1037 1066 1053 '

191 1159 447 1233 transgrederentur,
461 1159 607 1216 subletum
617 1159 763 1217 dabantur:
783 1160 887 1234 motui,
897 1169 924 1217 et
935 1161 995 1217 iati-

123 1232 132 1246 '
188 1235 282 1290 oribus
292 1235 370 1290 vadis
379 1236 519 1290 transiere.

246 1312 288 1365 to.
310 1307 345 1364 rit
357 1309 499 1376 Tiridates,
514 1305 616 1382 pudore
629 1315 748 1376 atmetu,
759 1325 803 1376 ue,
814 1312 995 1367 sionnoessis-

190 1391 230 1438 set
243 1383 387 1450 obsidioni,
404 1383 474 1440 nihii
489 1384 548 1456 opis
558 1385 587 1439 iu
597 1385 657 1456 ipso
665 1384 815 1454 viduetur,
835 1385 859 1440 si
868 1386 995 1458 prohibe-

189 1465 242 1524 ret,
258 1459 386 1530 inpeditis
400 1459 465 1514 loeis
478 1475 563 1532 sequa
574 1467 600 1514 et
609 1467 746 1532 equestres
756 1461 846 1531 copias
854 1460 992 1535 inligaret:

190 1535 285 1588 statuit
293 1541 436 1606 posnemo,
447 1533 586 1590 ostendere
594 1535 690 1601 adem,
704 1543 730 1589 et
739 1534 799 1590 dato
808 1535 852 1590 die
861 1536 994 1611 proelium

188 1609 319 1680 incipere,
336 1608 379 1665 vei
392 1609 563 1683 simulatione
577 1605 667 1684 fugae,
686 1607 776 1665 iorum
790 1609 877 1665 fraudi
889 1623 992 1682 parare¹

190 1684 277 1758 igitur
294 1691 403 1757 repente
420 1699 517 1759 agmen
536 1685 688 1741 Romanum
711 1682 916 1750 eueumiundit,
940 1701 994 1740 neu

188 1759 284 1834 ignaro
297 1759 366 1814 duae
378 1768 477 1826 nostro,
493 1760 543 1832 qui
552 1760 611 1816 viae
625 1761 725 1832 pariter
736 1766 763 1814 et
771 1775 878 1832 pugnae
886 1775 995 1830 oourpo-

189 1841 279 1890 suerat
293 1835 451 1890 exereitum.
490 1835 583 1890 Latere
596 1833 690 1890 dextro
702 1835 779 1889 tertia
793 1833 872 1908 legio,
886 1834 995 1889 siumtru

117 1913 118 1926 ¹
189 1917 265 1966 sexta
278 1909 425 1978 inoedebat,
442 1910 540 1966 mediis
553 1909 763 1966 decumanorum
778 1908 901 1965 delectis:
922 1925 996 1963 reae·

188 1991 237 2056 pta
252 1985 321 2066 inter
333 1983 440 2041 ordines
453 1985 645 2058 iupedimenta,
656 1992 682 2040 et
691 1992 797 2059 tergum
807 1983 882 2040 mille
890 1985 995 2056 equites

189 2058 349 2114 tuebantur:
404 2061 466 2117 ihus
476 2062 638 2126 iusserat,ut
646 2059 810 2116 instantibus
819 2060 995 2115 eominusre·

190 2134 325 2200 sisterent,
336 2151 366 2188 re
377 2151 443 2210 ugos
453 2149 507 2192 nen
519 2143 704 2208 sequerentur.
725 2135 756 2190 iu
765 2135 892 2190 eorniitus
901 2135 993 2206 pedes,

190 2209 355 2282 sagittarius,
376 2218 402 2265 et
415 2217 500 2266 cetera
513 2225 612 2266 manus
624 2210 748 2282 equitum
757 2210 822 2276 ibat,
842 2209 996 2282 productior

192 2281 297 2360 [dorna]
307 2285 336 2339 in
346 2286 464 2352 sinistro,
476 2299 525 2358 per
533 2286 588 2340 ima
598 2283 718 2351 ooiiium,
734 2293 774 2351 ut,
785 2286 809 2340 si
818 2284 904 2340 hostia
912 2286 997 2340 intra-

189 2360 285 2425 visset,
298 2358 383 2415 ironte
396 2359 478 2416 mutui
488 2367 514 2416 et
523 2361 586 2416 sinu
596 2360 772 2433 exciperetur.
810 2358 952 2415 Adnuitare
962 2375 996 2414 eu

189 2434 298 2491 diverso
311 2435 451 2502 Tiridates,
472 2449 525 2492 non
539 2449 627 2510 usque
641 2435 677 2492 ad
690 2436 790 2490 iactum
802 2434 858 2501 teii,
878 2434 927 2490 sed
935 2441 995 2488 tum

191 2509 330 2574 minitans,
346 2517 405 2566 tum
420 2511 510 2582 speeie
523 2509 690 2582 trepidantis,
708 2511 733 2565 si
748 2509 837 2565 laxare
849 2509 957 2565 ordines
969 2516 997 2561 et

189 2585 312 2640 diversos
327 2587 472 2641 oonseetsri
485 2592 584 2658 posset.
623 2583 676 2640 Ubi
688 2582 757 2640 niirii
768 2583 914 2640 temeritate
922 2580 995 2636 solu-

188 2667 259 2738 tum,
279 2677 332 2715 neo
346 2659 463 2734 amplius
477 2675 559 2732 quum
576 2659 686 2716 decurio
697 2659 831 2734 equitum,
851 2655 995 2744 audentius

117 2805 118 2828 r
190 2731 995 2882 &iiiiiidiiiiaiiiffiimaluerim

249 2887 289 2938 ii.
303 2885 338 2939 iit
346 2884 472 2950 Corbulo,
484 2892 568 2940 castra
579 2886 607 2940 in
617 2884 676 2941 ioeo
684 2889 809 2947 mantus,
819 2898 854 2937 aa
863 2881 995 2954 expeditis

192 2957 344 3031 legionibus
357 2968 433 3016 nude
442 2958 565 3014 Artaxata
575 2967 706 3032 pergeret,
712 2957 872 3030 obsidioque
879 2957 997 3011 cneum-

117 3081 118 3104 ,
192 3032 276 3100 daret
288 3035 407 3108 agitavit,
419 3035 583 3091 eoncessissa
591 3032 659 3089 illue
668 3033 802 3114 Tiridaten
813 3040 896 3086 ratris.
916 3030 995 3093 Dein,
