2575 3734
285 450 335 507 alt
560 454 796 503 ausurum
947 445 1083 519 (nnus.

286 573 383 615 norum
395 555 511 627 potantia
520 560 588 611 erat:
609 554 839 626 mirabaturque,
851 553 926 627 quad
933 554 992 613 dux
1000 562 1027 610 et
1036 572 1088 614 ex·

286 631 393 695 eroitus,
403 630 469 685 tanti
478 628 543 685 belli
552 628 692 696 conlector,
702 628 820 685 servitiis
829 627 974 685 obedirent.
1009 628 1088 697 Cun-

285 713 326 761 cta
336 713 424 761 tamen
433 703 467 759 ad
477 706 662 776 imperatorem
670 704 700 759 in
709 702 819 759 mollius
827 702 922 759 relata:
946 704 1089 772 detentus-

285 798 340 853 que
348 780 429 837 rebus
437 778 566 853 gerundis
575 777 729 844 Suetonius,
743 776 884 850 quodpost
891 795 991 850 paam
1000 795 1087 835 nares

285 856 315 911 in
334 854 410 911 litore
428 854 626 928 remigiumque
638 854 668 909 in
683 853 718 909 iis
730 852 865 919 amiserat,
879 860 1019 925 tamquam
1033 852 1088 925 du-

274 937 360 985 ·rante
370 928 448 994 bello,
459 928 560 983 tradere
569 929 716 983 exercitum
724 926 845 983 Petronio
854 926 1021 999 Turpiliano,
1035 929 1087 1001 qui

286 1004 341 1059 iam
351 1002 489 1061 consulatu
501 1002 610 1068 abierat,
620 999 738 1058 iubetur.
775 1002 804 1057 ls
815 1018 870 1057 non
878 1002 985 1058 inritato
996 1000 1086 1069 busta,

286 1096 374 1151 neque
387 1077 534 1143 lacessitus,
545 1076 688 1134 honestum
697 1076 772 1149 pacis
782 1092 881 1133 nomen
890 1078 969 1151 segni
977 1077 1033 1133 otio
1042 1078 1088 1133 in-

335 1155 383 1210 uit.

286 1171 334 1225 pm
341 1230 383 1283 lt.
404 1224 503 1281 Eodem
517 1242 588 1281 anno
600 1225 700 1283 Romae
713 1226 832 1300 insignia
843 1224 954 1291 seelera,
969 1224 1087 1281 alterum

287 1300 424 1364 senatoris,
435 1296 527 1357 servili
535 1299 649 1357 alterum
662 1299 782 1365 sudauit,
791 1299 911 1370 admissa
919 1308 996 1357 sunt.¹
1032 1300 1087 1357 Do-

286 1375 379 1431 mitius
393 1372 492 1431 Bnlbus
505 1382 560 1433 erut
568 1376 726 1449 praetorius,
736 1373 821 1431 simul
830 1372 908 1448 longa
918 1382 1035 1442 senecen,
1046 1377 1087 1431 si-

287 1448 344 1505 mul
354 1448 463 1525 orbitate
475 1457 501 1505 et
509 1451 621 1521 psounia
630 1449 739 1507 insidiis
747 1450 891 1505 obnoxius.
929 1450 964 1505 Ei
971 1451 1087 1523 propin·

286 1542 358 1595 quus
369 1522 490 1579 Valerius
499 1523 643 1591 Fabianus,
658 1524 829 1597 oapesaendis
842 1522 989 1579 honoribus
1001 1524 1087 1581 dasti-

286 1606 374 1663 nalus,
385 1598 505 1655 subdidit
513 1600 709 1664 testamentum,
721 1594 829 1657 amotis
838 1598 943 1661 Vinicio
950 1598 1051 1657 Rufino
1060 1608 1086 1655 et

287 1674 408 1731 Terentio
421 1674 543 1739 Lentino,
557 1674 695 1747 equitibus
708 1673 844 1730 Romania.
880 1673 924 1729 llli
935 1672 1086 1731 Antonium

286 1749 407 1805 Primum
417 1756 442 1803 et
451 1748 576 1805 Asinium
584 1746 741 1817 -llareallum
751 1748 922 1805 sociaverant.
949 1750 1085 1809 Antoniana

286 1823 395 1880 audacia
413 1832 566 1896 promptusr
587 1822 728 1881 Mareellus
741 1822 838 1879 Asinio
850 1822 967 1879 Pollione
985 1841 1087 1896 proavo

286 1899 384 1965 clarus,
395 1915 482 1971 neque
492 1915 598 1988 morum
607 1896 775 1969 spernendus
782 1897 940 1964 habebatur,
947 1898 1003 1955 nisi
1010 1898 1086 1987 quod

285 1971 977 2121 llllttlrltlltllllllslfltll.
991 1974 1087 2105 bi.

287 2121 456 2188 inlustribus,
471 2122 602 2196 obsignat
641 2120 720 2189 Quod
732 2122 804 2193 apud
815 2129 904 2194 patres
914 2123 1085 2179 ontinenam:

286 2205 312 2252 et
321 2196 455 2253 Fabianus
464 2196 659 2269 Antoniusque,
673 2214 736 2253 oum
745 2196 842 2253 llulino
849 2205 875 2252 et
883 2197 1015 2264 Terentio,
1026 2196 1089 2273 lego

287 2269 407 2327 Cornelia
416 2271 585 2329 damnantur.
614 2271 770 2329 Mnoellum
778 2272 906 2333 memoria
914 2271 1052 2328 maiorum
1062 2280 1089 2329 at

286 2362 377 2418 preces
396 2344 516 2403 Caesaris
536 2363 637 2419 poenae
652 2347 754 2421 magia,
769 2363 852 2421 quam
864 2345 1006 2413 infamiae,
1021 2365 1088 2405 exa-

285 2438 368 2477 mere.
705 2465 708 2472 ,

341 2498 382 2553 lt.
403 2492 555 2557 Perculitis
569 2495 626 2551 dies
640 2496 797 2569 Pompeium
811 2494 1085 2569 quoquedalianum,

286 2573 412 2628 iuvenem
426 2570 621 2643 quaestorium,
640 2578 778 2644 tamqnam
795 2568 955 2645 flagitiorum
968 2570 1087 2627 Fabiani

285 2663 415 2721 gnarum:
445 2645 525 2717 eique
543 2645 616 2701 ltalia
635 2653 662 2701 et
673 2647 811 2719 Hispania,
825 2646 856 2703 in
868 2664 923 2719 qun
931 2653 1008 2701 ortus
1016 2655 1085 2713 erat,

286 2720 514 2851 {interdictumdest
543 2720 603 2777 Pari
613 2720 1026 2851 igrandmffidsdtdldafluurbdonfim
1035 2722 1087 2777 ad-

306 2812 383 2859 orur,
415 2812 434 2849 u
476 2811 614 2861 reos‚nea
699 2812 743 2851 raa
905 2814 930 2851 1a
1072 2826 1087 2839 ·

286 2877 339 2933 tur,
360 2812 557 2939 adqpruetorem
570 2811 726 2935 dstdliasb„
737 2870 857 2936 interim,
874 2812 1084 2943 spacieugluedroererb,

286 2940 854 3014 moxprasvnimndnultionsmslnsurm.
879 2942 1085 3010 Additmaeno·
