2575 3734
124 463 126 472 *
198 439 322 516 acus.)
397 441 800 499 arumnicum-a,
952 449 1001 503 tta

197 551 358 624 Agrippina,
369 556 507 622 tamquam
517 559 574 606 acta
585 549 690 608 Claudii
700 551 928 620 subverterentur,
933 554 1003 612 ohti-

197 641 281 686 nuere
290 632 393 696 patres:
414 625 464 697 qui
473 625 501 680 in
511 623 641 696 palatium
650 624 686 682 ab
696 625 724 681 id
734 626 906 693 vocabantur,
915 636 946 683 ut
955 630 1003 686 ad·

197 707 287 766 staret,
298 699 397 756 obditis
407 717 423 754 a
432 707 506 774 tergo
516 699 618 757 loribus
629 699 689 757 uelo
698 700 821 767 (lucrata,
829 702 902 774 quod
911 705 1000 760 visum

197 782 306 842 arceret,
319 773 442 830 auditum
451 792 505 830 non
514 775 651 832 adimeret
683 773 757 842 Quin
766 784 793 831 at
804 775 898 851 legatis
908 778 1003 834 Arme-

197 851 321 917 niorum,
345 867 469 906 caussam
492 851 581 923 gentis
604 849 677 922 apud
695 851 829 908 Neronem
852 854 1001 920 orantibus,

198 924 339 983 escendere
353 933 512 999 suggestum
527 925 706 997 imperatoris,
721 934 748 982 et
760 926 910 998 praesidere
920 926 1001 984 simul

197 999 321 1074 parabat;
333 1001 397 1066 nisi,
408 1001 503 1054 ceteris
512 1016 610 1071 pavore
620 1000 726 1067 defixis,
737 1000 838 1056 Seneca
847 1001 1004 1060 admonuis-

196 1083 248 1141 set,
258 1080 371 1131 uenienti
379 1079 461 1130 aratri
469 1084 625 1130 occurreret
664 1076 712 1141 lte,
727 1076 943 1150 speciepietatia,
955 1078 1004 1134 ob-

198 1152 271 1208 viam
280 1149 349 1208 itum
360 1149 492 1207 dedecori.
606 1201 608 1206 .

201 1231 204 1238 '
229 1261 232 1268 »
252 1229 278 1282 6.
299 1225 367 1281 Fine
381 1225 456 1290 anni,
472 1223 593 1280 turbidis
601 1225 768 1292 rumoribus,
776 1233 1004 1296 ammiramur-

195 1318 254 1357 aum
263 1302 373 1356 Parthos
383 1309 407 1354 ct
415 1303 478 1369 rapt
486 1299 644 1364 Armeniam,
659 1299 778 1356 adlatum
786 1309 836 1368 eat,
844 1305 923 1371 pulso
932 1303 1004 1359 aru-

195 1380 318 1439 damtato,
338 1375 387 1447 qui
402 1391 482 1446 saepe
494 1375 571 1448 regni
585 1375 644 1430 eius
654 1376 765 1447 potitus,
787 1375 1000 1452 demptamque,

196 1458 258 1506 tum
271 1465 379 1524 quoque
392 1449 496 1506 bedam
510 1449 672 1506 deseruerat.
711 1451 806 1525 Igitur,
821 1453 850 1508 in
864 1452 932 1508 urbe
944 1471 1004 1508 ser-

197 1541 311 1582 monum
325 1523 412 1590 avida,
430 1529 643 1596 quemadmodum
653 1530 786 1595 manceps,
797 1526 848 1582 ota
862 1531 1003 1597 reptando-

199 1605 342 1656 m‘maauoa
351 1618 477 1670 opressus,
486 1603 617 1670 suscipere
626 1617 684 1656 eam
693 1603 784 1656 nutem
791 1608 840 1656 cat
845 1604 1004 1678 propulsare

192 1672 303 1746 posset?
324 1680 393 1746 quod
406 1679 551 1732 subsidium
565 1680 595 1730 a'u
607 1693 645 1740 ao,
663 1679 710 1745 qui
717 1694 736 1731 a
744 1680 842 1746 sualua
851 1675 1003 1745 reqarctur?

197 1768 261 1808 uum
272 1755 375 1820 praetia
390 1767 491 1822 quaqua
509 1759 534 1806 et
547 1754 751 1820 apparuerimus
761 1752 866 1808 urbium
878 1758 903 1804 at
917 1758 1004 1806 cetera

196 1829 258 1882 bella·
266 1843 317 1894 par
327 1831 469 1895 maptstroa
479 1828 665 1881 administrari
669 1822 796 1894 permut?
814 1823 1001 1896 anquirebaat

195 1900 295 1957 Contra
306 1899 354 1955 alii
367 1903 460 1956 metim
471 1905 584 1956 euenisse
593 1898 739 1966 disserunt,
749 1904 862 1969 meamet
870 1902 1004 1956 meotidas

194 1983 301 2032 senecta
315 1983 340 2030 et
352 1979 459 2044 {quauta
472 1973 598 2032 Claudius
612 1977 724 2030 militiae
737 1977 774 2030 ad
784 1977 885 2032 maures
893 1989 1003 2031 uocare-

197 2059 250 2114 tur,
260 2051 398 2105 seruilibus
408 2053 487 2106 tuaaia
495 2052 727 2119 obtemperaturus.
757 2050 1003 2105 Bumumtameuet

195 2123 321 2182 &aecum
335 2127 478 2183 multarum
492 2141 581 2182 rarum
595 2129 759 2194 superiectae
768 2129 898 2194 aequitas:
917 2134 943 2180 at
952 2129 1003 2180 taa-

194 2204 315 2268 parutom'
332 2209 459 2269 quantum
471 2203 508 2254 ad
525 2203 607 2255 robur
625 2203 719 2264 deeras,
741 2217 799 2255 mm
812 2203 1002 2257 octavodecimo

194 2277 292 2332 astutia
304 2291 374 2332 anuo
390 2273 435 2330 Cu
451 2275 593 2344 Pompeius,
608 2278 775 2330 uouodmtmo
787 2274 885 2330 Gamar
894 2274 1003 2332 Octaui-

194 2367 273 2414 anus,
284 2351 377 2406 ciuilia
387 2352 455 2405 bellu
463 2347 655 2405 sustinuerint?
664 2350 790 2419 Pleraque
800 2353 829 2406 iu
836 2355 961 2420 rumara(
988 2381 1002 2390 -

195 2433 262 2480 tuna
276 2429 403 2494 auspiciis
416 2432 442 2480 et
455 2426 580 2488 consiliis,
591 2439 670 2492 quam
685 2426 743 2480 tetta
756 2433 781 2479 et
793 2428 922 2489 mnibus,
937 2429 1001 2493 nera
1099 2439 1104 2448 ·

197 2501 328 2556 Daturum
343 2503 424 2568 plum
441 2503 629 2558 documentum,
649 2502 762 2554 honestis
775 2516 811 2554 au
823 2515 898 2554 aecus
910 2502 1003 2553 amicir

194 2584 322 2640 uteretur,
342 2579 367 2630 at
379 2577 478 2637 ducem.
498 2577 705 2637 amotaa'uuida'a
724 2572 864 2642 eqreqa'um,
884 2589 963 2642 quam
978 2575 1004 2626 at

194 2649 973 2719 peramarumetpratiarubutmumporamta'tumdattqerct.

250 2725 277 2780 7.
289 2723 360 2780 llaec
368 2729 449 2796 atque
458 2723 520 2779 talia
528 2723 714 2798 vulgantibus,
721 2724 792 2778 Nero
800 2729 827 2777 et
835 2722 1002 2778 iuventutem

194 2799 334 2872 proximas
342 2815 391 2871 per
400 2799 552 2870 provincias
562 2800 712 2871 quaesitam
722 2796 881 2869 supplendis
886 2795 1003 2852 Orientis

196 2873 350 2946 legionibus
363 2873 510 2941 admoveri,
522 2873 695 2950 legionesque
704 2875 777 2945 ipsas
787 2871 900 2945 propius
908 2872 1004 2926 Arme-

197 2948 422 3079 niaffirffiioim
443 2949 531 3006 iubet:
552 2947 676 3022 duosque
690 2957 797 3075 vetere}
805 2965 890 3022 reges,
905 2948 1003 3021 Agrip-
