2575 3734
286 470 337 523 aet
566 474 803 523 iuuenum
952 463 1088 536 (nuru.

285 572 328 628 nia
341 592 359 627 a
369 573 400 627 L.
410 573 532 628 Mummii
547 577 684 642 triumpho,
696 577 742 642 qui
748 579 851 640 primm
861 575 889 626 td
898 589 980 641 penita
989 581 1092 640 speetu-

286 652 340 704 euti
348 651 450 702 inuria
456 651 614 716 praebuerit.
654 648 706 703 Sed
715 655 739 702 et
748 649 892 701 coruultum
899 651 1091 714 parcimoniae,

286 726 355 792 quod
365 732 492 791 perpetuu
505 726 578 776 aeder
591 725 692 777 theatro
705 725 791 776 locuta
799 724 835 775 rit
840 725 938 789 potius,
959 737 1042 790 quum
1052 727 1092 776 ta-

284 814 372 851 metuo
380 805 484 864 sumptu
491 799 608 864 εὐηνίου
614 813 664 864 per
675 812 758 851 onnes
770 803 935 864 oenaurqeret
944 813 978 850 oo
988 799 1091 850 deutru-

285 880 381 926 mtur.
419 872 474 926 Neo
490 874 597 938 perinde
615 875 786 940 meptatrutua
800 886 854 922 rem
867 873 1032 938 {amitterem
1046 889 1090 924 ea-

284 949 433 1008 ltuueturoa,
452 953 499 999 out
509 948 606 1012 populo
619 949 781 1014 estlaqttuedt
797 946 900 998 Graeca
914 949 1090 1000 eertamtreou

283 1022 482 1089 mopiatrotibue
491 1035 610 1073 auuamm
618 1024 683 1088 tore,
694 1035 752 1073 oum
761 1035 790 1072 eo
799 1026 903 1085 sumptu
911 1033 984 1086 resp.
995 1023 1089 1089 [unqu-

285 1103 338 1149 tur.
377 1093 519 1149 Oratorem
531 1109 565 1146 ae
575 1101 665 1148 autum
673 1097 800 1148 ototortua
811 1095 1011 1147 incitamentum
1020 1098 1089 1162 iupe-

284 1172 338 1223 m'ta
350 1170 502 1222 odieturue:
521 1183 568 1220 uae
582 1172 704 1236 eutquom
717 1171 800 1222 rueret
807 1183 895 1235 praua,
906 1183 988 1221 aurea
997 1171 1089 1221 atudtie

285 1246 396 1296 donatia
414 1249 439 1293 et
456 1240 632 1308 voteptotttue
644 1247 771 1296 oouoeeaie
785 1245 921 1308 inpertire.
962 1241 1089 1296 laetitiae

284 1319 369 1383 mepta
388 1331 466 1383 quom
485 1315 610 1370 laedam
626 1320 690 1371 duri
706 1331 807 1383 perteue
826 1319 904 1369 totiua
917 1319 1088 1384 quinquennii

284 1397 379 1451 uortea,
394 1391 495 1457 quibua,
510 1398 585 1444 tantu
598 1393 655 1444 tuoe
663 1395 771 1458 tentum,
784 1392 850 1444 ntttt
859 1392 992 1444 inlicitum
1002 1394 1087 1445 ereut-

201 1499 204 1502 -
285 1467 341 1517 tori
349 1471 435 1531 queat.
471 1461 540 1517 Sane
550 1463 624 1519 nullo
633 1464 734 1537 insigni
745 1463 980 1518 dehonestamento
990 1463 1020 1518 id
1029 1481 1087 1536 spe·

177 1593 180 1599 ,
285 1536 419 1592 otaculum
429 1539 542 1592 tranaiit.
577 1538 616 1593 Ao
624 1554 658 1593 ne
667 1538 771 1594 modica
781 1537 891 1610 quidem
902 1537 993 1592 studia
1002 1539 1086 1610 plebis

284 1628 416 1676 exarsere,
430 1611 505 1684 quia,
523 1612 620 1667 redditi
633 1627 799 1684 quamquam
814 1629 917 1678 aeonae,
927 1615 1086 1683 pantomimi

284 1687 475 1743 certaminibus
488 1687 572 1742 eamie
586 1687 804 1758 prohibebantur.
844 1687 1022 1758 Eloquentiae
1034 1690 1087 1759 pri-

285 1781 344 1819 mas
353 1780 433 1818 nemo
441 1762 513 1826 tulit,
524 1761 582 1826 sed,
591 1767 715 1817 victorem
724 1779 778 1816 aare
790 1761 935 1824 Caesarem,
947 1763 1087 1832 pronunti-

284 1846 369 1894 atum.
408 1837 504 1893 Graeci
517 1837 641 1901 amicus,
654 1836 717 1908 quis
733 1852 834 1908 pareus
844 1836 902 1892 dies
912 1835 1038 1909 plerique
1047 1839 1087 1892 in·

285 1920 427 1977 oeaaerant,
438 1921 496 1966 tum
510 1910 687 1967 exoleverunt.

338 1991 383 2043 tt.
404 1989 474 2041 lnter
487 2003 557 2058 qnae
575 1994 602 2041 et
619 1985 696 2040 sidus
713 1993 827 2040 cometes
842 1983 956 2040 effulsit:
983 1985 1018 2040 de
1035 2003 1086 2058 quo

286 2060 361 2134 vulgi
374 2063 465 2132 opinio
478 2069 528 2126 eet,
542 2068 681 2133 tamquam
697 2061 869 2114 mutationem
880 2061 971 2133 regnis
981 2069 1087 2132 porten-

284 2135 339 2190 dat.
378 2135 471 2207 Igitur,
482 2136 561 2206 quaei
570 2136 624 2190 iam
634 2133 747 2206 depulso
757 2135 869 2198 Nerone,
881 2136 1012 2206 quisnam
1021 2135 1087 2190 deliu

284 2215 400 2282 geretur,
412 2210 597 2281 inquirebant.
627 2211 660 2263 Et
668 2209 790 2264 omnium
800 2225 845 2264 ore
855 2208 998 2264 Rubellius
1009 2210 1087 2264 Plau·
1152 2233 1153 2244 ¹

183 2277 188 2286 “
286 2290 329 2338 tue
342 2281 533 2347 oelebrabetnr,
547 2285 592 2339 oui
608 2283 732 2339 nobilitas
744 2299 792 2355 per
802 2291 913 2338 matrem
925 2299 960 2338 ax
970 2283 1039 2338 Iulia
1050 2284 1087 2339 ia-

285 2356 369 2412 milia.
409 2358 469 2428 lpee
482 2357 577 2428 placita
589 2359 722 2414 maiorum
742 2357 851 2423 uolebat,
873 2357 968 2412 habitu
982 2375 1083 2422 severo,

284 2440 356 2488 easta
369 2438 395 2487 et
410 2438 508 2485 recreta
517 2431 606 2498 domo,
620 2440 774 2504 quantoque
783 2439 857 2486 metu
866 2431 1005 2499 decultior,
1017 2441 1085 2488 tanto
1151 2417 1152 2459 l

284 2505 572 2580 plusiamaeadeptue.
610 2505 1086 2578 Auxitrumoremparivanitateor-
1150 2537 1151 2544 .

285 2579 635 2654 tainterpretatiolulgnria.
675 2581 1085 2654 NamquiadiseumbentieNe·
1118 2605 1122 2614 ⁴

285 2658 359 2710 runis
372 2655 445 2727 apud
456 2654 610 2709 Simbruina
620 2662 724 2728 stagna,
738 2656 782 2710 eui
792 2654 979 2728 Sublaqueum
990 2673 1085 2713 nomen

285 2730 498 2798 eetiotredapee
506 2729 1085 2802 mensaquedisieotaerat,idquatinibueTi·

285 2801 395 2863 burtum
408 2801 545 2868 aoaiderat,
559 2803 631 2857 und'e
644 2804 756 2874 paterna
768 2804 862 2860 Plauto
873 2806 913 2861 ori
932 2822 958 2870 o,
970 2805 1047 2862 huno
1055 2806 1085 2862 il·
1149 2819 1150 2877 l

286 2873 344 2927 lum
364 2873 476 2926 numine
493 2873 574 2929 deum
591 2876 717 2932 destinari
732 2878 886 2936 eredebant:
907 2821 1085 2953 {vehantque
1148 2917 1149 2954 ,

286 2945 375 3007 multi,
395 2945 506 3013 quibua,
527 2963 595 3002 nova
612 2957 640 3002 et
658 2953 783 3022 ancipitia
797 2953 956 3025 praeoolere,
968 2956 1048 3010 avida
1062 2965 1086 3008 et

1145 3153 1148 3298 l
