2575 3734
200 444 336 543 'reret
414 476 493 523 cre.
513 474 591 523 xxv.
612 477 699 525 cer.
720 477 824 524 e-1o,
964 470 1013 529 rer

213 576 648 647 roreinrumpcntiumexterritis.
687 575 1014 633 Cnbicuiomodicumiu-
1064 638 1066 642 ,

215 669 277 707 men
290 651 390 716 inerat,
406 658 432 705 ct
446 650 602 705 ancillarum
612 668 682 707 uua:
703 654 788 723 magis
798 668 829 705 ac
838 652 925 726 megia
934 653 1013 709 ennio

216 724 378 799 Agrippina,
390 724 462 797 quod
472 741 574 781 nemon
585 724 649 790 filie,
661 742 692 780 en
701 742 735 779 ne
744 726 877 798 'Agerinus
886 726 1011 798 quidem3

214 802 296 855 eiiam
313 798 366 853 iere
379 798 453 855 litore
462 797 555 855 faciem
569 816 654 864 nunc,
669 798 841 855 solitudinem
855 817 886 855 ec
899 802 1014 871 repenti·

215 892 265 931 nos
275 874 402 945 strepitus
414 881 440 929 et
449 875 560 929 extremi
569 874 633 928 maii
642 874 751 929 indicia.
784 873 905 930 Abeunte
916 874 1014 931 dehinc

215 948 320 1012 ancilia,
330 949 367 1001 Tc
380 964 479 1019 quoque
488 966 526 1002 me
536 947 1015 1021 dererisiprolocuta,respicitrinice·

215 1034 287 1088 tum,
303 1022 446 1077 trierarcho
455 1020 607 1087 Herculeio,
618 1031 644 1079 et
652 1020 774 1088 Oburite,
784 1022 938 1079 centurione
946 1022 1013 1079 cias-

213 1099 302 1162 sierio,
316 1098 484 1153 comitatum:
500 1113 545 1162 uo,
554 1101 579 1152 rt
587 1101 623 1151 ud
632 1102 894 1162 manumittet,
906 1103 1015 1168 refotum

212 1179 361 1229 nuntiaret:
381 1177 424 1227 ein
432 1175 536 1242 sacione
544 1180 714 1239 patraturus,
734 1176 801 1227 erte
812 1190 840 1227 ee
852 1176 885 1227 ds
893 1176 948 1242 titio
957 1191 1014 1227 cre·

212 1254 287 1316 dere,·
307 1264 360 1301 non
372 1252 528 1315 imparatum
539 1249 724 1314 parricidium.
761 1246 968 1303 circumsistunt
976 1246 1014 1303 le-

214 1332 288 1378 ctum
298 1337 484 1392 percussores,
500 1328 525 1374 et
536 1321 610 1391 prior
621 1320 782 1375 trierarchus
792 1319 856 1376 iusti
865 1329 946 1393 eaput
954 1323 1013 1376 eius

214 1395 327 1453 adflixit.
367 1396 421 1449 iam
440 1395 469 1449 in
490 1402 601 1449 mortem
621 1396 769 1450 centurioni
786 1394 885 1451 terrum
898 1395 1015 1451 destrin-

214 1472 303 1545 genti,
323 1469 482 1541 protendens
497 1476 613 1531 uterum,
628 1470 744 1524 Ventrem
757 1474 820 1535 teri,
839 1469 1010 1527 exclamavit:

217 1545 365 1615 multisque
375 1543 531 1599 vulneribus'
542 1542 658 1599 coniecto
671 1551 720 1599 est.

271 1622 297 1675 9.
318 1620 387 1674 Haec
404 1635 535 1673 consensu
555 1618 714 1691 produntur.
753 1616 943 1688 Adspexeritne
955 1635 1014 1674 me-

217 1703 282 1749 trem
297 1694 448 1749 exanimem
459 1694 541 1757 Nero,
558 1700 583 1747 et
597 1690 711 1749 formem
724 1692 841 1763 eorporis
854 1691 913 1747 eius
922 1691 1015 1747 leude-

214 1766 296 1835 verit,
308 1776 385 1834 sunt,
396 1768 445 1840 qui
454 1766 623 1831 tradiderint,
635 1774 712 1832 eunt,
727 1769 776 1839 qui
785 1766 912 1821 abnuant.
951 1766 1015 1821 Cre·

214 1852 285 1899 mete
294 1852 335 1899 est
345 1850 419 1900 noete
428 1842 529 1907 eadem,
540 1840 672 1898 convivali
683 1840 757 1906 lecto,
772 1849 797 1897 ct
806 1840 942 1913 exsequiis
952 1839 1015 1895 vili-

126 1938 129 1945 ’
213 1920 281 1974 bus:
297 1934 399 1990 neque,
411 1916 477 1973 dum
487 1918 556 1973 Nero
566 1930 656 1971 rerum
667 1915 825 1987 potiebatur,
835 1922 959 1988 congente
968 1923 1015 1970 aut

215 1990 426 2047 cleusuhumus.
465 1992 528 2048 Mox
537 1990 742 2047 domesticorum
752 1998 815 2046 curt
826 1988 911 2046 levem
921 1997 1014 2045 tumu-

216 2066 274 2121 ium
289 2068 401 2139 accepit,
418 2067 490 2122 viem
505 2066 600 2122 Miseni
613 2072 733 2137 propter,
750 2072 776 2120 et
789 2064 880 2120 villam
894 2064 1014 2121 Ceesnis

215 2141 363 2207 dictatoris,
378 2156 447 2213 quoe
461 2141 594 2197 subiectos
609 2141 687 2195 sinus
700 2139 847 2195 editissima
855 2147 1012 2211 prospectat.

215 2217 334 2272 Accenso
345 2232 409 2291 rogo
418 2215 529 2271 libertus
541 2216 614 2280 eins,
630 2221 803 2288 cognomento
812 2215 939 2278 Mnester,
955 2217 1014 2285 ipse

215 2290 285 2347 ferro
300 2307 330 2346 se
342 2292 482 2363 transegit5
502 2291 633 2344 incertum
647 2290 753 2343 canuto
765 2289 795 2344 in
808 2294 959 2360 patronem,
979 2305 1013 2342 an

214 2374 289 2421 metu
299 2367 383 2421 exitii.
423 2366 501 2420 Hunc
509 2365 553 2419 sui
564 2364 644 2418 finem
654 2361 753 2419 multos
763 2370 823 2418 ente
831 2379 917 2419 anuos
928 2362 1015 2417 credi·

212 2442 287 2497 derat
311 2440 458 2513 Agrippina
481 2445 737 2510 contempseratque.
776 2438 844 2493 Nem
865 2434 1014 2492 consulenti

212 2532 295 2587 super
305 2516 419 2579 Nerone,
430 2514 622 2585 responderunt
632 2512 766 2575 Chaldaei,
773 2517 829 2583 (ore
838 2519 866 2565 ut
875 2516 1015 2578 imperaret

211 2600 373 2659 matremque
387 2593 528 2643 occideret:
542 2596 621 2660 etque
635 2586 696 2651 ilia,
713 2587 834 2649 Occidet,
844 2583 942 2655 inquit,
953 2587 1015 2636 dum

213 2671 250 2719 tm
269 2673 332 2719 eret.

247 2683 312 2792 pto.
333 2736 385 2793 Sed
394 2754 409 2792 e
419 2736 539 2801 (laesere,
550 2735 665 2809 perfecto
673 2734 782 2791 demum
793 2731 901 2799 soetere,
910 2734 1015 2807 magni-

213 2812 279 2867 tudo
292 2813 351 2867 eius
366 2811 497 2867 intellecta
510 2818 560 2867 est.
599 2811 713 2883 Reliquo
722 2808 820 2872 noctis,
832 2806 910 2864 modo
919 2824 968 2879 per
977 2809 1016 2862 si·
1087 2848 1105 2871 .

214 2886 328 2942 lentium
342 2886 462 2951 defixus,
483 2886 590 2957 saepius
604 2900 703 2958 pavore
716 2898 863 2956 exsurgens
877 2891 903 2938 et
917 2882 1015 2937 mentis
1059 2950 1062 2956 ι

213 2963 308 3033 inops,
324 2960 621 3034 iucemopperiebatur,
637 2967 775 3030 tamquam
788 2958 900 3012 exitium
912 2954 1016 3010 edlatn·
