<?xml version="1.0" encoding="UTF-8"?>
<!DOCTYPE html PUBLIC "-//W3C//DTD XHTML 1.0 Transitional//EN"
    "http://www.w3.org/TR/xhtml1/DTD/xhtml1-transitional.dtd">
<html xmlns="http://www.w3.org/1999/xhtml" xml:lang="en" lang="en">
 <head>
  <title>
</title>
<meta http-equiv="Content-Type" content="text/html;charset=utf-8" />
  <meta name='ocr-system' content='tesseract 3.04.00' />
  <meta name='ocr-capabilities' content='ocr_page ocr_carea ocr_par ocr_line ocrx_word'/>
</head>
<body>
  <div class='ocr_page' id='page_1' title='image "./operaquoadextan02tacigoog_0222.png"; bbox 0 0 2575 3734; ppageno 0'>
   <div class='ocr_carea' id='block_1_1' title="bbox 265 315 279 354">
    <p class='ocr_par' dir='ltr' id='par_1_1' title="bbox 265 315 279 354">
     <span class='ocr_line' id='line_1_1' title="bbox 265 315 279 354; baseline 0 0"><span class='ocrx_word' id='word_1_1' title='bbox 265 315 279 354; x_wconf 65' lang='lat' dir='ltr'>b</span> 
     </span>
    </p>
   </div>
   <div class='ocr_carea' id='block_1_2' title="bbox 279 507 1082 588">
    <p class='ocr_par' dir='ltr' id='par_1_2' title="bbox 279 507 1082 588">
     <span class='ocr_line' id='line_1_2' title="bbox 279 507 1082 588; baseline -0.015 -14"><span class='ocrx_word' id='word_1_2' title='bbox 279 519 331 575; x_wconf 77' lang='lat' dir='ltr'>tlt</span> <span class='ocrx_word' id='word_1_3' title='bbox 460 579 463 588; x_wconf 30' lang='lat'><strong>¹</strong></span> <span class='ocrx_word' id='word_1_4' title='bbox 563 519 799 570; x_wconf 73' lang='lat' dir='ltr'>huuanba</span> <span class='ocrx_word' id='word_1_5' title='bbox 943 507 1082 582; x_wconf 53' lang='lat' dir='ltr'>(anam.</span> 
     </span>
    </p>
   </div>
   <div class='ocr_carea' id='block_1_3' title="bbox 278 617 1089 1800">
    <p class='ocr_par' dir='ltr' id='par_1_3' title="bbox 278 617 1089 978">
     <span class='ocr_line' id='line_1_3' title="bbox 278 617 1083 698; baseline -0.014 -18"><span class='ocrx_word' id='word_1_6' title='bbox 278 631 408 698; x_wconf 77' lang='lat' dir='ltr'><strong>poterant,</strong></span> <span class='ocrx_word' id='word_1_7' title='bbox 427 620 571 678; x_wconf 78' lang='lat' dir='ltr'>interiectis</span> <span class='ocrx_word' id='word_1_8' title='bbox 586 619 620 676; x_wconf 88' lang='lat' dir='ltr'>nb</span> <span class='ocrx_word' id='word_1_9' title='bbox 634 619 767 676; x_wconf 81' lang='lat' dir='ltr'>Artabano</span> <span class='ocrx_word' id='word_1_10' title='bbox 786 617 933 691; x_wconf 86' lang='lat' dir='ltr'>plerisque,</span> <span class='ocrx_word' id='word_1_11' title='bbox 951 624 999 670; x_wconf 85' lang='lat' dir='ltr'>aut</span> <span class='ocrx_word' id='word_1_12' title='bbox 1012 633 1083 671; x_wconf 90' lang='lat' dir='ltr'>non-</span> 
     </span>
     <span class='ocr_line' id='line_1_4' title="bbox 279 690 1083 768; baseline -0.015 -13"><span class='ocrx_word' id='word_1_13' title='bbox 279 700 346 756; x_wconf 89' lang='lat' dir='ltr'>dum</span> <span class='ocrx_word' id='word_1_14' title='bbox 360 696 469 762; x_wconf 76' lang='lat' dir='ltr'>mullis,</span> <span class='ocrx_word' id='word_1_15' title='bbox 483 696 642 760; x_wconf 81' lang='lat' dir='ltr'>Phrahaten,</span> <span class='ocrx_word' id='word_1_16' title='bbox 655 695 729 768; x_wconf 82' lang='lat' dir='ltr'>regis</span> <span class='ocrx_word' id='word_1_17' title='bbox 738 692 877 750; x_wconf 78' lang='lat' dir='ltr'>Pbrabatis</span> <span class='ocrx_word' id='word_1_18' title='bbox 887 691 985 754; x_wconf 86' lang='lat' dir='ltr'>filium,</span> <span class='ocrx_word' id='word_1_19' title='bbox 995 690 1083 752; x_wconf 82' lang='lat' dir='ltr'>Roma</span> 
     </span>
     <span class='ocr_line' id='line_1_5' title="bbox 278 770 1089 847; baseline -0.016 -17"><span class='ocrx_word' id='word_1_20' title='bbox 278 771 436 847; x_wconf 80' lang='lat' dir='ltr'>pososbant:</span> <span class='ocrx_word' id='word_1_21' title='bbox 457 772 566 828; x_wconf 80' lang='lat' dir='ltr'>Nomius</span> <span class='ocrx_word' id='word_1_22' title='bbox 582 779 683 824; x_wconf 74' lang='lat' dir='ltr'>matum</span> <span class='ocrx_word' id='word_1_23' title='bbox 697 778 722 822; x_wconf 88' lang='lat' dir='ltr'>et</span> <span class='ocrx_word' id='word_1_24' title='bbox 735 770 842 822; x_wconf 80' lang='lat' dir='ltr'>auctore</span> <span class='ocrx_word' id='word_1_25' title='bbox 856 783 929 835; x_wconf 81' lang='lat' dir='ltr'>opus,</span> <span class='ocrx_word' id='word_1_26' title='bbox 948 773 977 819; x_wconf 88' lang='lat' dir='ltr'>ut</span> <span class='ocrx_word' id='word_1_27' title='bbox 989 773 1089 834; x_wconf 83' lang='lat' dir='ltr'>epouts·</span> 
     </span>
     <span class='ocr_line' id='line_1_6' title="bbox 282 841 1088 916; baseline -0.015 -12"><span class='ocrx_word' id='word_1_28' title='bbox 282 849 412 911; x_wconf 74' lang='lat' dir='ltr'><strong><em>Caesaris,</em></strong></span> <span class='ocrx_word' id='word_1_29' title='bbox 428 854 458 902; x_wconf 84' lang='lat' dir='ltr'>ut</span> <span class='ocrx_word' id='word_1_30' title='bbox 470 862 551 916; x_wconf 69' lang='lat' dir='ltr'>aeuus</span> <span class='ocrx_word' id='word_1_31' title='bbox 566 847 682 908; x_wconf 78' lang='lat' dir='ltr'>Arsacia,</span> <span class='ocrx_word' id='word_1_32' title='bbox 693 847 780 912; x_wconf 85' lang='lat' dir='ltr'>ripam</span> <span class='ocrx_word' id='word_1_33' title='bbox 791 845 862 911; x_wconf 86' lang='lat' dir='ltr'>apud</span> <span class='ocrx_word' id='word_1_34' title='bbox 869 841 1013 909; x_wconf 71' lang='lat' dir='ltr'><strong><em>Euphratis</em></strong></span> <span class='ocrx_word' id='word_1_35' title='bbox 1023 855 1088 894; x_wconf 56' lang='lat' dir='ltr'>esre</span> 
     </span>
     <span class='ocr_line' id='line_1_7' title="bbox 279 932 394 978; baseline -0.035 1"><span class='ocrx_word' id='word_1_36' title='bbox 279 932 394 978; x_wconf 74' lang='lat' dir='ltr'>noratur.</span> 
     </span>
    </p>

    <p class='ocr_par' dir='ltr' id='par_1_4' title="bbox 279 987 1084 1800">
     <span class='ocr_line' id='line_1_8' title="bbox 335 987 1084 1065; baseline -0.012 -15"><span class='ocrx_word' id='word_1_37' title='bbox 335 999 377 1054; x_wconf 80' lang='grc'>32.</span> <span class='ocrx_word' id='word_1_38' title='bbox 399 993 526 1065; x_wconf 88' lang='lat' dir='ltr'>Cupitum</span> <span class='ocrx_word' id='word_1_39' title='bbox 536 990 564 1048; x_wconf 92' lang='lat' dir='ltr'>id</span> <span class='ocrx_word' id='word_1_40' title='bbox 573 990 689 1046; x_wconf 83' lang='lat' dir='ltr'>Tiberio.</span> <span class='ocrx_word' id='word_1_41' title='bbox 728 988 811 1046; x_wconf 91' lang='lat' dir='ltr'>Ornat</span> <span class='ocrx_word' id='word_1_42' title='bbox 820 988 978 1053; x_wconf 85' lang='lat' dir='ltr'>Phrahaten,</span> <span class='ocrx_word' id='word_1_43' title='bbox 991 987 1084 1042; x_wconf 83' lang='lat' dir='ltr'>aesin-</span> 
     </span>
     <span class='ocr_line' id='line_1_9' title="bbox 279 1064 1084 1144; baseline -0.012 -18"><span class='ocrx_word' id='word_1_44' title='bbox 279 1071 373 1144; x_wconf 83' lang='lat' dir='ltr'>gitqus</span> <span class='ocrx_word' id='word_1_45' title='bbox 381 1076 522 1141; x_wconf 88' lang='lat' dir='ltr'>paternum</span> <span class='ocrx_word' id='word_1_46' title='bbox 532 1065 567 1121; x_wconf 90' lang='lat' dir='ltr'>ad</span> <span class='ocrx_word' id='word_1_47' title='bbox 575 1065 728 1138; x_wconf 76' lang='lat' dir='ltr'>fastigium:</span> <span class='ocrx_word' id='word_1_48' title='bbox 740 1064 869 1119; x_wconf 87' lang='lat' dir='ltr'>destinata</span> <span class='ocrx_word' id='word_1_49' title='bbox 879 1064 1084 1127; x_wconf 63' lang='lat' dir='ltr'>retinens,›oon-</span> 
     </span>
     <span class='ocr_line' id='line_1_10' title="bbox 280 1135 1081 1208; baseline -0.011 -9"><span class='ocrx_word' id='word_1_50' title='bbox 280 1145 350 1200; x_wconf 90' lang='lat' dir='ltr'>siliis</span> <span class='ocrx_word' id='word_1_51' title='bbox 364 1151 389 1198; x_wconf 90' lang='lat' dir='ltr'>et</span> <span class='ocrx_word' id='word_1_52' title='bbox 402 1150 462 1198; x_wconf 89' lang='lat' dir='ltr'>astu</span> <span class='ocrx_word' id='word_1_53' title='bbox 474 1157 517 1196; x_wconf 88' lang='lat' dir='ltr'>res</span> <span class='ocrx_word' id='word_1_54' title='bbox 531 1138 767 1205; x_wconf 83' lang='lat' dir='ltr'>externasmoliri,</span> <span class='ocrx_word' id='word_1_55' title='bbox 781 1155 856 1193; x_wconf 87' lang='lat' dir='ltr'>arma</span> <span class='ocrx_word' id='word_1_56' title='bbox 867 1136 961 1208; x_wconf 89' lang='lat' dir='ltr'>prooul</span> <span class='ocrx_word' id='word_1_57' title='bbox 970 1135 1081 1191; x_wconf 85' lang='lat' dir='ltr'>habere.</span> 
     </span>
     <span class='ocr_line' id='line_1_11' title="bbox 280 1211 1084 1289; baseline -0.011 -17"><span class='ocrx_word' id='word_1_58' title='bbox 280 1219 390 1280; x_wconf 88' lang='lat' dir='ltr'>Interea,</span> <span class='ocrx_word' id='word_1_59' title='bbox 402 1216 514 1289; x_wconf 80' lang='lat' dir='ltr'>segnitie</span> <span class='ocrx_word' id='word_1_60' title='bbox 525 1215 642 1280; x_wconf 86' lang='lat' dir='ltr'>insidiis,</span> <span class='ocrx_word' id='word_1_61' title='bbox 654 1213 805 1270; x_wconf 76' lang='lat' dir='ltr'><strong>Artabanus</strong></span> <span class='ocrx_word' id='word_1_62' title='bbox 817 1211 914 1267; x_wconf 89' lang='lat' dir='ltr'>tardari</span> <span class='ocrx_word' id='word_1_63' title='bbox 923 1217 1007 1275; x_wconf 88' lang='lat' dir='ltr'>matu,</span> <span class='ocrx_word' id='word_1_64' title='bbox 1022 1225 1084 1265; x_wconf 65' lang='lat' dir='ltr'>mo</span> 
     </span>
     <span class='ocr_line' id='line_1_12' title="bbox 280 1285 1084 1362; baseline -0.012 -15"><span class='ocrx_word' id='word_1_65' title='bbox 280 1292 314 1347; x_wconf 93' lang='lat' dir='ltr'>do</span> <span class='ocrx_word' id='word_1_66' title='bbox 332 1289 459 1362; x_wconf 89' lang='lat' dir='ltr'>cupidine</span> <span class='ocrx_word' id='word_1_67' title='bbox 472 1289 604 1346; x_wconf 71' lang='lat' dir='ltr'>madidae</span> <span class='ocrx_word' id='word_1_68' title='bbox 623 1287 797 1344; x_wconf 71' lang='lat' dir='ltr'>inardescere.</span> <span class='ocrx_word' id='word_1_69' title='bbox 835 1286 870 1342; x_wconf 89' lang='lat' dir='ltr'>Et</span> <span class='ocrx_word' id='word_1_70' title='bbox 882 1285 1084 1341; x_wconf 87' lang='lat' dir='ltr'>barbarisoun·</span> 
     </span>
     <span class='ocr_line' id='line_1_13' title="bbox 280 1357 1083 1435; baseline -0.01 -14"><span class='ocrx_word' id='word_1_71' title='bbox 280 1365 358 1421; x_wconf 83' lang='lat' dir='ltr'>etalio</span> <span class='ocrx_word' id='word_1_72' title='bbox 367 1363 484 1428; x_wconf 89' lang='lat' dir='ltr'>servilis,</span> <span class='ocrx_word' id='word_1_73' title='bbox 498 1365 588 1420; x_wconf 88' lang='lat' dir='ltr'>statim</span> <span class='ocrx_word' id='word_1_74' title='bbox 598 1363 710 1435; x_wconf 86' lang='lat' dir='ltr'>exsequi</span> <span class='ocrx_word' id='word_1_75' title='bbox 719 1363 825 1435; x_wconf 82' lang='lat' dir='ltr'>regium</span> <span class='ocrx_word' id='word_1_76' title='bbox 835 1359 951 1417; x_wconf 83' lang='lat' dir='ltr'>videtur.</span> <span class='ocrx_word' id='word_1_77' title='bbox 989 1357 1083 1415; x_wconf 82' lang='lat' dir='ltr'>valuit</span> 
     </span>
     <span class='ocr_line' id='line_1_14' title="bbox 280 1432 1083 1508; baseline -0.009 -14"><span class='ocrx_word' id='word_1_78' title='bbox 280 1448 369 1494; x_wconf 89' lang='lat' dir='ltr'>tamen</span> <span class='ocrx_word' id='word_1_79' title='bbox 379 1439 489 1503; x_wconf 68' lang='lat' dir='ltr'>utilitm,</span> <span class='ocrx_word' id='word_1_80' title='bbox 500 1446 531 1493; x_wconf 89' lang='lat' dir='ltr'>ut</span> <span class='ocrx_word' id='word_1_81' title='bbox 540 1437 658 1501; x_wconf 81' lang='lat' dir='ltr'><strong>Abdum,</strong></span> <span class='ocrx_word' id='word_1_82' title='bbox 674 1437 763 1508; x_wconf 88' lang='lat' dir='ltr'>speeie</span> <span class='ocrx_word' id='word_1_83' title='bbox 771 1435 903 1490; x_wconf 77' lang='lat' dir='ltr'>amicitiae</span> <span class='ocrx_word' id='word_1_84' title='bbox 912 1439 1035 1490; x_wconf 73' lang='lat' dir='ltr'>reustum</span> <span class='ocrx_word' id='word_1_85' title='bbox 1047 1432 1083 1487; x_wconf 88' lang='lat' dir='ltr'>ad</span> 
     </span>
     <span class='ocr_line' id='line_1_15' title="bbox 280 1506 1083 1586; baseline -0.007 -18"><span class='ocrx_word' id='word_1_86' title='bbox 280 1511 385 1586; x_wconf 85' lang='lat' dir='ltr'>epulas,</span> <span class='ocrx_word' id='word_1_87' title='bbox 396 1511 467 1568; x_wconf 90' lang='lat' dir='ltr'>lento</span> <span class='ocrx_word' id='word_1_88' title='bbox 476 1529 578 1567; x_wconf 90' lang='lat' dir='ltr'>veneno</span> <span class='ocrx_word' id='word_1_89' title='bbox 588 1510 725 1584; x_wconf 82' lang='lat' dir='ltr'>inligaret3</span> <span class='ocrx_word' id='word_1_90' title='bbox 746 1509 878 1565; x_wconf 75' lang='lat' dir='ltr'>Sinnacen</span> <span class='ocrx_word' id='word_1_91' title='bbox 888 1506 1083 1564; x_wconf 89' lang='lat' dir='ltr'>dissimulatio-</span> 
     </span>
     <span class='ocr_line' id='line_1_16' title="bbox 280 1580 1084 1658; baseline -0.01 -15"><span class='ocrx_word' id='word_1_92' title='bbox 280 1604 354 1644; x_wconf 85' lang='lat' dir='ltr'>neao</span> <span class='ocrx_word' id='word_1_93' title='bbox 365 1587 452 1653; x_wconf 86' lang='lat' dir='ltr'>donis,</span> <span class='ocrx_word' id='word_1_94' title='bbox 464 1585 546 1642; x_wconf 92' lang='lat' dir='ltr'>simul</span> <span class='ocrx_word' id='word_1_95' title='bbox 552 1602 603 1658; x_wconf 89' lang='lat' dir='ltr'>per</span> <span class='ocrx_word' id='word_1_96' title='bbox 612 1585 726 1657; x_wconf 82' lang='lat' dir='ltr'>negotia,</span> <span class='ocrx_word' id='word_1_97' title='bbox 738 1591 894 1640; x_wconf 88' lang='lat' dir='ltr'>moraretur.</span> <span class='ocrx_word' id='word_1_98' title='bbox 919 1583 953 1638; x_wconf 86' lang='lat' dir='ltr'>Et</span> <span class='ocrx_word' id='word_1_99' title='bbox 962 1580 1084 1636; x_wconf 89' lang='lat' dir='ltr'>Phraha-</span> 
     </span>
     <span class='ocr_line' id='line_1_17' title="bbox 280 1656 1083 1734; baseline -0.01 -17"><span class='ocrx_word' id='word_1_100' title='bbox 280 1670 320 1717; x_wconf 89' lang='lat' dir='ltr'>tes</span> <span class='ocrx_word' id='word_1_101' title='bbox 334 1661 407 1734; x_wconf 91' lang='lat' dir='ltr'>apud</span> <span class='ocrx_word' id='word_1_102' title='bbox 420 1661 535 1734; x_wconf 84' lang='lat' dir='ltr'>Syriam,</span> <span class='ocrx_word' id='word_1_103' title='bbox 550 1659 626 1724; x_wconf 89' lang='lat' dir='ltr'>dum,</span> <span class='ocrx_word' id='word_1_104' title='bbox 642 1659 742 1713; x_wconf 86' lang='lat' dir='ltr'>omisso</span> <span class='ocrx_word' id='word_1_105' title='bbox 756 1657 967 1721; x_wconf 81' lang='lat' dir='ltr'>cultuRomano,</span> <span class='ocrx_word' id='word_1_106' title='bbox 979 1656 1083 1726; x_wconf 87' lang='lat' dir='ltr'>euiper</span> 
     </span>
     <span class='ocr_line' id='line_1_18' title="bbox 280 1731 1083 1800; baseline -0.011 -8"><span class='ocrx_word' id='word_1_107' title='bbox 280 1743 318 1792; x_wconf 86' lang='lat' dir='ltr'>tot</span> <span class='ocrx_word' id='word_1_108' title='bbox 328 1753 411 1792; x_wconf 86' lang='lat' dir='ltr'>annos</span> <span class='ocrx_word' id='word_1_109' title='bbox 421 1737 581 1799; x_wconf 86' lang='lat' dir='ltr'>insueverat,</span> <span class='ocrx_word' id='word_1_110' title='bbox 596 1734 717 1788; x_wconf 87' lang='lat' dir='ltr'>instituta</span> <span class='ocrx_word' id='word_1_111' title='bbox 728 1731 887 1788; x_wconf 86' lang='lat' dir='ltr'>Parthorum</span> <span class='ocrx_word' id='word_1_112' title='bbox 899 1731 1021 1795; x_wconf 86' lang='lat' dir='ltr'>insumit,</span> <span class='ocrx_word' id='word_1_113' title='bbox 1032 1746 1083 1800; x_wconf 87' lang='lat' dir='ltr'>pa-</span> 
     </span>
    </p>
   </div>
   <div class='ocr_carea' id='block_1_4' title="bbox 190 1805 1172 1880">
    <p class='ocr_par' dir='ltr' id='par_1_5' title="bbox 190 1805 1172 1880">
     <span class='ocr_line' id='line_1_19' title="bbox 190 1805 1172 1880; baseline -0.005 -16"><span class='ocrx_word' id='word_1_114' title='bbox 190 1873 195 1878; x_wconf 27' lang='lat'>·</span> <span class='ocrx_word' id='word_1_115' title='bbox 279 1811 340 1865; x_wconf 88' lang='lat' dir='ltr'>triis</span> <span class='ocrx_word' id='word_1_116' title='bbox 354 1811 475 1866; x_wconf 91' lang='lat' dir='ltr'>moribus</span> <span class='ocrx_word' id='word_1_117' title='bbox 490 1811 577 1880; x_wconf 87' lang='lat' dir='ltr'>inpar,</span> <span class='ocrx_word' id='word_1_118' title='bbox 593 1806 686 1862; x_wconf 91' lang='lat' dir='ltr'>morbo</span> <span class='ocrx_word' id='word_1_119' title='bbox 699 1807 918 1878; x_wconf 87' lang='lat' dir='ltr'>absumptusest.</span> <span class='ocrx_word' id='word_1_120' title='bbox 957 1805 1011 1860; x_wconf 89' lang='lat' dir='ltr'>Sed</span> <span class='ocrx_word' id='word_1_121' title='bbox 1027 1821 1083 1860; x_wconf 87' lang='lat' dir='ltr'>non</span> <span class='ocrx_word' id='word_1_122' title='bbox 1171 1840 1172 1843; x_wconf 56' lang='lat'><em>=</em></span> 
     </span>
    </p>
   </div>
   <div class='ocr_carea' id='block_1_5' title="bbox 280 1879 1080 1954">
    <p class='ocr_par' dir='ltr' id='par_1_6' title="bbox 280 1879 1080 1954">
     <span class='ocr_line' id='line_1_20' title="bbox 280 1879 1080 1954; baseline -0.008 -14"><span class='ocrx_word' id='word_1_123' title='bbox 280 1885 405 1940; x_wconf 84' lang='lat' dir='ltr'>Tiberius</span> <span class='ocrx_word' id='word_1_124' title='bbox 415 1885 506 1940; x_wconf 89' lang='lat' dir='ltr'>omisit</span> <span class='ocrx_word' id='word_1_125' title='bbox 514 1885 627 1954; x_wconf 84' lang='lat' dir='ltr'>incepta.</span> <span class='ocrx_word' id='word_1_126' title='bbox 639 1881 783 1945; x_wconf 85' lang='lat' dir='ltr'>Tiridaten,</span> <span class='ocrx_word' id='word_1_127' title='bbox 794 1883 937 1954; x_wconf 79' lang='lat' dir='ltr'>sanguinis</span> <span class='ocrx_word' id='word_1_128' title='bbox 946 1879 1080 1945; x_wconf 84' lang='lat' dir='ltr'>eiusdem,</span> 
     </span>
    </p>
   </div>
   <div class='ocr_carea' id='block_1_6' title="bbox 280 1955 1172 2104">
    <p class='ocr_par' dir='ltr' id='par_1_7' title="bbox 280 1955 1172 2104">
     <span class='ocr_line' id='line_1_21' title="bbox 280 1955 1172 2028; baseline -0.003 -15"><span class='ocrx_word' id='word_1_129' title='bbox 280 1958 418 2014; x_wconf 90' lang='lat' dir='ltr'>aemulum</span> <span class='ocrx_word' id='word_1_130' title='bbox 428 1958 570 2022; x_wconf 84' lang='lat' dir='ltr'>Artabano,</span> <span class='ocrx_word' id='word_1_131' title='bbox 579 1955 818 2028; x_wconf 86' lang='lat' dir='ltr'>reciperandaeque</span> <span class='ocrx_word' id='word_1_132' title='bbox 827 1955 1082 2010; x_wconf 74' lang='lat' dir='ltr'>Armeniaelberum</span> <span class='ocrx_word' id='word_1_133' title='bbox 1171 1996 1172 2027; x_wconf 39' lang='lat'>4</span> 
     </span>
     <span class='ocr_line' id='line_1_22' title="bbox 280 2029 1172 2104; baseline -0.003 -17"><span class='ocrx_word' id='word_1_134' title='bbox 280 2031 451 2088; x_wconf 81' lang='lat' dir='ltr'>Mithridaten</span> <span class='ocrx_word' id='word_1_135' title='bbox 460 2030 561 2104; x_wconf 80' lang='lat' dir='ltr'>deligit,</span> <span class='ocrx_word' id='word_1_136' title='bbox 573 2029 749 2102; x_wconf 85' lang='lat' dir='ltr'>conciliatque</span> <span class='ocrx_word' id='word_1_137' title='bbox 758 2029 832 2085; x_wconf 83' lang='lat' dir='ltr'>fratri</span> <span class='ocrx_word' id='word_1_138' title='bbox 841 2029 1083 2100; x_wconf 82' lang='lat' dir='ltr'>Pharasmani,qui</span> <span class='ocrx_word' id='word_1_139' title='bbox 1171 2040 1172 2049; x_wconf 59' lang='lat'>¹</span> 
     </span>
    </p>
   </div>
   <div class='ocr_carea' id='block_1_7' title="bbox 279 2102 1085 2476">
    <p class='ocr_par' dir='ltr' id='par_1_8' title="bbox 279 2102 1085 2476">
     <span class='ocr_line' id='line_1_23' title="bbox 280 2102 1084 2179; baseline -0.002 -19"><span class='ocrx_word' id='word_1_140' title='bbox 280 2105 379 2179; x_wconf 84' lang='lat' dir='ltr'>gentile</span> <span class='ocrx_word' id='word_1_141' title='bbox 388 2106 533 2177; x_wconf 90' lang='lat' dir='ltr'>imperium</span> <span class='ocrx_word' id='word_1_142' title='bbox 542 2105 690 2162; x_wconf 86' lang='lat' dir='ltr'>obtinebat:</span> <span class='ocrx_word' id='word_1_143' title='bbox 702 2112 728 2159; x_wconf 89' lang='lat' dir='ltr'>st</span> <span class='ocrx_word' id='word_1_144' title='bbox 736 2105 849 2167; x_wconf 84' lang='lat' dir='ltr'>eunetis,</span> <span class='ocrx_word' id='word_1_145' title='bbox 860 2121 930 2176; x_wconf 88' lang='lat' dir='ltr'>quae</span> <span class='ocrx_word' id='word_1_146' title='bbox 937 2104 1012 2174; x_wconf 87' lang='lat' dir='ltr'>apud</span> <span class='ocrx_word' id='word_1_147' title='bbox 1020 2102 1084 2158; x_wconf 86' lang='lat' dir='ltr'>Ori-</span> 
     </span>
     <span class='ocr_line' id='line_1_24' title="bbox 280 2177 1085 2251; baseline -0.002 -17"><span class='ocrx_word' id='word_1_148' title='bbox 280 2187 369 2234; x_wconf 88' lang='lat' dir='ltr'>entem</span> <span class='ocrx_word' id='word_1_149' title='bbox 381 2179 553 2251; x_wconf 87' lang='lat' dir='ltr'>parabantur,</span> <span class='ocrx_word' id='word_1_150' title='bbox 568 2179 600 2234; x_wconf 90' lang='lat' dir='ltr'>L.</span> <span class='ocrx_word' id='word_1_151' title='bbox 615 2177 754 2236; x_wconf 84' lang='lat' dir='ltr'>Vitellium</span> <span class='ocrx_word' id='word_1_152' title='bbox 768 2177 903 2250; x_wconf 76' lang='lat' dir='ltr'>praefecit.</span> <span class='ocrx_word' id='word_1_153' title='bbox 941 2178 981 2234; x_wconf 86' lang='lat' dir='ltr'>Eo</span> <span class='ocrx_word' id='word_1_154' title='bbox 990 2177 1024 2232; x_wconf 94' lang='lat' dir='ltr'>de</span> <span class='ocrx_word' id='word_1_155' title='bbox 1033 2177 1085 2233; x_wconf 91' lang='lat' dir='ltr'>bo-</span> 
     </span>
     <span class='ocr_line' id='line_1_25' title="bbox 280 2251 1082 2326; baseline 0 -18"><span class='ocrx_word' id='word_1_156' title='bbox 280 2255 364 2318; x_wconf 91' lang='lat' dir='ltr'>mine,</span> <span class='ocrx_word' id='word_1_157' title='bbox 388 2251 460 2308; x_wconf 92' lang='lat' dir='ltr'>haud</span> <span class='ocrx_word' id='word_1_158' title='bbox 477 2270 539 2306; x_wconf 89' lang='lat' dir='ltr'>sum</span> <span class='ocrx_word' id='word_1_159' title='bbox 558 2255 680 2326; x_wconf 81' lang='lat' dir='ltr'>ignarus,</span> <span class='ocrx_word' id='word_1_160' title='bbox 700 2254 838 2308; x_wconf 85' lang='lat' dir='ltr'>sinistram</span> <span class='ocrx_word' id='word_1_161' title='bbox 851 2253 880 2307; x_wconf 89' lang='lat' dir='ltr'>in</span> <span class='ocrx_word' id='word_1_162' title='bbox 893 2252 1082 2318; x_wconf 85' lang='lat' dir='ltr'>arbelamam,</span> 
     </span>
     <span class='ocr_line' id='line_1_26' title="bbox 279 2323 1084 2400; baseline 0.004 -20"><span class='ocrx_word' id='word_1_163' title='bbox 279 2327 407 2400; x_wconf 85' lang='lat' dir='ltr'>pleraque</span> <span class='ocrx_word' id='word_1_164' title='bbox 422 2323 495 2381; x_wconf 86' lang='lat' dir='ltr'>foeda</span> <span class='ocrx_word' id='word_1_165' title='bbox 509 2327 666 2382; x_wconf 86' lang='lat' dir='ltr'>memorari:</span> <span class='ocrx_word' id='word_1_166' title='bbox 691 2335 808 2382; x_wconf 80' lang='lat' dir='ltr'>ueterum</span> <span class='ocrx_word' id='word_1_167' title='bbox 830 2326 954 2400; x_wconf 83' lang='lat' dir='ltr'>regendis</span> <span class='ocrx_word' id='word_1_168' title='bbox 970 2328 1084 2400; x_wconf 85' lang='lat' dir='ltr'>provin·</span> 
     </span>
     <span class='ocr_line' id='line_1_27' title="bbox 280 2401 1085 2476; baseline 0.002 -20"><span class='ocrx_word' id='word_1_169' title='bbox 280 2401 330 2456; x_wconf 89' lang='lat' dir='ltr'>olis</span> <span class='ocrx_word' id='word_1_170' title='bbox 344 2402 432 2471; x_wconf 86' lang='lat' dir='ltr'>prisea</span> <span class='ocrx_word' id='word_1_171' title='bbox 442 2402 540 2456; x_wconf 87' lang='lat' dir='ltr'>virtute</span> <span class='ocrx_word' id='word_1_172' title='bbox 553 2401 615 2474; x_wconf 83' lang='lat' dir='ltr'>egit.</span> <span class='ocrx_word' id='word_1_173' title='bbox 655 2401 731 2456; x_wconf 90' lang='lat' dir='ltr'>Unde</span> <span class='ocrx_word' id='word_1_174' title='bbox 743 2419 892 2476; x_wconf 73' lang='lat' dir='ltr'>regressus,</span> <span class='ocrx_word' id='word_1_175' title='bbox 903 2410 930 2457; x_wconf 88' lang='lat' dir='ltr'>et</span> <span class='ocrx_word' id='word_1_176' title='bbox 938 2401 1085 2458; x_wconf 85' lang='lat' dir='ltr'>formidine</span> 
     </span>
    </p>
   </div>
   <div class='ocr_carea' id='block_1_8' title="bbox 279 2473 1172 2620">
    <p class='ocr_par' dir='ltr' id='par_1_9' title="bbox 279 2473 1172 2620">
     <span class='ocr_line' id='line_1_28' title="bbox 280 2473 1172 2549; baseline 0.001 -19"><span class='ocrx_word' id='word_1_177' title='bbox 280 2475 311 2530; x_wconf 86' lang='lat' dir='ltr'>C.</span> <span class='ocrx_word' id='word_1_178' title='bbox 326 2475 456 2539; x_wconf 86' lang='lat' dir='ltr'>Caesaris,</span> <span class='ocrx_word' id='word_1_179' title='bbox 480 2473 658 2530; x_wconf 85' lang='lat' dir='ltr'>familiaritate</span> <span class='ocrx_word' id='word_1_180' title='bbox 670 2474 786 2541; x_wconf 84' lang='lat' dir='ltr'>Claudii,</span> <span class='ocrx_word' id='word_1_181' title='bbox 807 2485 886 2549; x_wconf 90' lang='lat' dir='ltr'>turpe</span> <span class='ocrx_word' id='word_1_182' title='bbox 897 2477 928 2532; x_wconf 92' lang='lat' dir='ltr'>in</span> <span class='ocrx_word' id='word_1_183' title='bbox 939 2477 1083 2533; x_wconf 85' lang='lat' dir='ltr'>servitium</span> <span class='ocrx_word' id='word_1_184' title='bbox 1171 2474 1172 2483; x_wconf 74' lang='grc'>’</span> 
     </span>
     <span class='ocr_line' id='line_1_29' title="bbox 279 2547 1172 2620; baseline 0.001 -15"><span class='ocrx_word' id='word_1_185' title='bbox 279 2557 409 2615; x_wconf 90' lang='lat' dir='ltr'>mutatus,</span> <span class='ocrx_word' id='word_1_186' title='bbox 424 2547 559 2620; x_wconf 88' lang='lat' dir='ltr'>exemplar</span> <span class='ocrx_word' id='word_1_187' title='bbox 573 2549 645 2620; x_wconf 89' lang='lat' dir='ltr'>apud</span> <span class='ocrx_word' id='word_1_188' title='bbox 657 2557 777 2620; x_wconf 83' lang='lat' dir='ltr'>posteros</span> <span class='ocrx_word' id='word_1_189' title='bbox 792 2551 932 2608; x_wconf 87' lang='lat' dir='ltr'>adulatorii</span> <span class='ocrx_word' id='word_1_190' title='bbox 945 2550 1083 2606; x_wconf 86' lang='lat' dir='ltr'>dedeooris</span> <span class='ocrx_word' id='word_1_191' title='bbox 1171 2590 1172 2599; x_wconf 23' lang='grc' dir='ltr'><strong>η</strong></span> 
     </span>
    </p>
   </div>
   <div class='ocr_carea' id='block_1_9' title="bbox 279 2623 1154 2772">
    <p class='ocr_par' dir='ltr' id='par_1_10' title="bbox 279 2623 1154 2772">
     <span class='ocr_line' id='line_1_30' title="bbox 279 2623 1154 2696; baseline 0.002 -17"><span class='ocrx_word' id='word_1_192' title='bbox 279 2623 1085 2696; x_wconf 59' lang='lat' dir='ltr'>habeta:asserantqueprimopostrsmisatbonsiuvsn-</span> <span class='ocrx_word' id='word_1_193' title='bbox 1151 2651 1154 2656; x_wconf 96' lang='lat'>·</span> 
     </span>
     <span class='ocr_line' id='line_1_31' title="bbox 279 2696 771 2772; baseline 0 -18"><span class='ocrx_word' id='word_1_194' title='bbox 279 2705 322 2754; x_wconf 88' lang='lat' dir='ltr'>tas</span> <span class='ocrx_word' id='word_1_195' title='bbox 331 2706 453 2756; x_wconf 79' lang='lat' dir='ltr'>sensatus</span> <span class='ocrx_word' id='word_1_196' title='bbox 463 2697 591 2772; x_wconf 80' lang='lat' dir='ltr'>flagitiosa</span> <span class='ocrx_word' id='word_1_197' title='bbox 601 2696 771 2754; x_wconf 86' lang='lat' dir='ltr'>oblitteravit.</span> 
     </span>
    </p>
   </div>
   <div class='ocr_carea' id='block_1_10' title="bbox 335 2773 1172 2846">
    <p class='ocr_par' dir='ltr' id='par_1_11' title="bbox 335 2773 1172 2846">
     <span class='ocr_line' id='line_1_32' title="bbox 335 2773 1172 2846; baseline 0.001 -17"><span class='ocrx_word' id='word_1_198' title='bbox 335 2777 378 2830; x_wconf 80' lang='lat'>33.</span> <span class='ocrx_word' id='word_1_199' title='bbox 398 2774 433 2829; x_wconf 86' lang='lat' dir='ltr'>ht</span> <span class='ocrx_word' id='word_1_200' title='bbox 446 2790 481 2829; x_wconf 84' lang='lat' dir='ltr'>ex</span> <span class='ocrx_word' id='word_1_201' title='bbox 494 2773 606 2846; x_wconf 80' lang='lat' dir='ltr'>regulis,</span> <span class='ocrx_word' id='word_1_202' title='bbox 621 2774 695 2845; x_wconf 91' lang='lat' dir='ltr'>prior</span> <span class='ocrx_word' id='word_1_203' title='bbox 709 2773 874 2830; x_wconf 81' lang='lat' dir='ltr'>Mithridates</span> <span class='ocrx_word' id='word_1_204' title='bbox 883 2774 1083 2830; x_wconf 87' lang='lat' dir='ltr'>Pharasmanen</span> <span class='ocrx_word' id='word_1_205' title='bbox 1171 2778 1172 2787; x_wconf 76' lang='grc'>’</span> 
     </span>
    </p>
   </div>
   <div class='ocr_carea' id='block_1_11' title="bbox 279 2847 1083 2993">
    <p class='ocr_par' dir='ltr' id='par_1_12' title="bbox 279 2847 1083 2993">
     <span class='ocr_line' id='line_1_33' title="bbox 279 2847 1083 2922; baseline -0.001 -19"><span class='ocrx_word' id='word_1_206' title='bbox 279 2847 406 2922; x_wconf 85' lang='lat' dir='ltr'>perpulit,</span> <span class='ocrx_word' id='word_1_207' title='bbox 426 2847 487 2903; x_wconf 90' lang='lat' dir='ltr'>dolo</span> <span class='ocrx_word' id='word_1_208' title='bbox 506 2855 531 2902; x_wconf 90' lang='lat' dir='ltr'>et</span> <span class='ocrx_word' id='word_1_209' title='bbox 545 2849 573 2903; x_wconf 87' lang='lat' dir='ltr'>vi</span> <span class='ocrx_word' id='word_1_210' title='bbox 590 2855 700 2904; x_wconf 79' lang='lat' dir='ltr'>oonahts</span> <span class='ocrx_word' id='word_1_211' title='bbox 718 2865 782 2904; x_wconf 90' lang='lat' dir='ltr'>suos</span> <span class='ocrx_word' id='word_1_212' title='bbox 801 2849 908 2905; x_wconf 85' lang='lat' dir='ltr'>iuvare:</span> <span class='ocrx_word' id='word_1_213' title='bbox 929 2850 1083 2921; x_wconf 87' lang='lat' dir='ltr'>repertique</span> 
     </span>
     <span class='ocr_line' id='line_1_34' title="bbox 280 2921 1083 2993; baseline 0.004 -18"><span class='ocrx_word' id='word_1_214' title='bbox 280 2929 446 2993; x_wconf 85' lang='lat' dir='ltr'>oorruptoras</span> <span class='ocrx_word' id='word_1_215' title='bbox 460 2923 597 2978; x_wconf 88' lang='lat' dir='ltr'>ministros</span> <span class='ocrx_word' id='word_1_216' title='bbox 609 2921 717 2977; x_wconf 74' lang='lat' dir='ltr'>Arsada</span> <span class='ocrx_word' id='word_1_217' title='bbox 727 2921 811 2979; x_wconf 90' lang='lat' dir='ltr'>multo</span> <span class='ocrx_word' id='word_1_218' title='bbox 821 2940 886 2978; x_wconf 90' lang='lat' dir='ltr'>auro</span> <span class='ocrx_word' id='word_1_219' title='bbox 895 2922 929 2977; x_wconf 91' lang='lat' dir='ltr'>ad</span> <span class='ocrx_word' id='word_1_220' title='bbox 938 2921 1027 2978; x_wconf 87' lang='lat' dir='ltr'>eoelus</span> <span class='ocrx_word' id='word_1_221' title='bbox 1036 2940 1083 2978; x_wconf 91' lang='lat' dir='ltr'>oo-</span> 
     </span>
    </p>
   </div>
   <div class='ocr_carea' id='block_1_12' title="bbox 280 2995 1082 3072">
    <p class='ocr_par' dir='ltr' id='par_1_13' title="bbox 280 2995 1082 3072">
     <span class='ocr_line' id='line_1_35' title="bbox 280 2995 1082 3072; baseline 0.005 -21"><span class='ocrx_word' id='word_1_222' title='bbox 280 3004 361 3070; x_wconf 81' lang='lat' dir='ltr'>gunt:</span> <span class='ocrx_word' id='word_1_223' title='bbox 387 2995 470 3052; x_wconf 88' lang='lat' dir='ltr'>simul</span> <span class='ocrx_word' id='word_1_224' title='bbox 490 2996 560 3053; x_wconf 87' lang='lat' dir='ltr'>Iberi</span> <span class='ocrx_word' id='word_1_225' title='bbox 579 2997 686 3072; x_wconf 83' lang='lat' dir='ltr'>magnis</span> <span class='ocrx_word' id='word_1_226' title='bbox 704 2998 788 3069; x_wconf 90' lang='lat' dir='ltr'>oopiis</span> <span class='ocrx_word' id='word_1_227' title='bbox 806 2996 960 3054; x_wconf 73' lang='lat' dir='ltr'>Armeniam</span> <span class='ocrx_word' id='word_1_228' title='bbox 973 2997 1082 3054; x_wconf 87' lang='lat' dir='ltr'>inrum·</span> 
     </span>
    </p>
   </div>
   <div class='ocr_carea' id='block_1_13' title="bbox 0 0 1293 3734">
    <p class='ocr_par' dir='ltr' id='par_1_14' title="bbox 0 0 1293 3734">
     <span class='ocr_line' id='line_1_36' title="bbox 0 0 1293 3734; baseline 0 0"><span class='ocrx_word' id='word_1_229' title='bbox 0 0 1293 3734; x_wconf 95' lang='lat' dir='ltr'> </span> 
     </span>
    </p>
   </div>
  </div>
 </body>
</html>
