2575 3734
300 457 350 512 292
582 461 821 508 annuarum
963 451 1096 524 (uuus.
1161 482 1162 535 q

298 564 369 618 tium
378 559 871 634 Lateranum,quem,cbadulterium
880 559 1100 617 Messallinaecr-
1161 538 1162 567 ¹

299 637 363 692 dine
373 643 514 701 remctum,
529 633 645 692 reddidit
656 636 771 700 senatui,
784 634 953 690 elementiam
964 652 1042 690 suam
1050 635 1101 690 cb-
1161 650 1162 695 1

299 712 435 843 {pingens
449 707 1101 858 “ffbrbgmmfflqwls-enffi‘iffioei'

338 827 345 852 ,
489 802 554 842 coes
598 803 647 857 pra
763 801 824 850 ,ve
853 802 879 840 m
986 801 1098 858 mgenu,

299 802 504 932 vooeffipig
513 859 651 934 vulgabat.

220 939 224 946 '
356 938 397 993 12.
419 933 543 990 Ceterum
566 933 677 990 infracta
700 933 839 1006 paullatim
860 934 978 1006 potentia
995 935 1098 999 matris,

299 1009 408 1082 delapso
426 1009 530 1066 Nerone
547 1009 576 1064 in
597 1025 715 1065 amorem
734 1007 857 1073 libertae,
876 1008 921 1064 cui
938 1007 1098 1064 vocabulum

299 1084 364 1142 Acte
378 1082 441 1139 luit:
463 1081 546 1138 simul
560 1083 712 1155 adsumptis
726 1084 756 1138 in
765 1083 953 1138 conscientiam
962 1082 1067 1138 Othone
1075 1092 1101 1138 et

300 1157 413 1216 Claudio
434 1156 590 1224 Senecione,
614 1155 820 1214 adolescentulis
836 1156 954 1213 decoris:
983 1173 1099 1229 qucrum

299 1231 370 1288 Otho
384 1230 485 1288 familia
498 1230 645 1300 consulari,
664 1231 775 1290 Senecio
788 1231 882 1288 liberto
894 1230 1015 1287 Caesaris
1027 1240 1101 1303 patre

299 1307 417 1382 genitus,
433 1309 526 1381 ignara
541 1316 634 1375 matre,
649 1307 713 1363 dein
727 1306 825 1362 frustra
838 1307 982 1372 obnitente,
992 1307 1100 1378 penitus

299 1383 448 1452 inrepserat
460 1398 508 1454 per
522 1381 618 1438 luxum
632 1390 659 1437 et
672 1380 744 1437 arnb'
783 1389 921 1438 assueta:
941 1398 976 1437 ne
988 1381 1101 1438 seniori-

299 1457 353 1512 bus
363 1455 474 1528 quidem
483 1457 614 1528 principis
626 1457 746 1512 amiciet
766 1456 943 1522 versantibus,
954 1454 1101 1512 muliercu-
1161 1504 1162 1521 ,

299 1530 336 1596 la,
350 1529 426 1600 nulla¹
439 1531 601 1602 cuiusquam
615 1531 730 1596 miuus,
750 1528 891 1603 cupidines
903 1531 1036 1603 principis
1055 1549 1102 1587 sx-

299 1605 403 1678 plente;
432 1605 540 1678 quando
558 1620 642 1661 uxore
662 1605 698 1660 ab
715 1603 838 1672 Octavia,
853 1604 938 1662 nobili
950 1605 1063 1678 quidem
1077 1616 1102 1661 et
1161 1640 1162 1657 r

299 1681 440 1753 probitatis
453 1687 592 1752 spectatae,
609 1678 662 1734 lato
675 1679 807 1751 quodam,
822 1697 857 1736 an
870 1680 935 1754 quia
948 1679 1102 1753 praevalent

299 1755 412 1820 inlicita,
428 1754 598 1810 abhorrebat:
619 1753 851 1828 metuebaturque,
866 1773 901 1810 ne
914 1757 944 1809 in
956 1762 1051 1827 stupra
1063 1752 1101 1811 ie-

299 1831 437 1960 lrplppqarum
452 1828 608 1884 inlustrium
622 1837 817 1901 prorumperet,
828 1828 908 1886 siilla
918 1827 1032 1885 libidine
1039 1846 1101 1902 prc-

322 1905 328 1918 '
364 1912 448 1960 retus
749 1954 754 1964 ,
1120 1905 1124 1913 ’

357 1981 398 2034 te.
419 1977 471 2032 Sed
479 1975 627 2051 Agrippina
635 1979 901 2042 iibertnmaenoatam,
911 1981 1102 2034 commaneat-

302 2055 363 2116 tam,
378 2050 483 2124 aliaque
497 2050 612 2107 eundem
625 2051 787 2126 inmcdum,
797 2051 963 2108 muliebriter
972 2051 1101 2108 fremere:

301 2142 390 2197 neque
450 2126 588 2180 nitentiam
598 2125 648 2182 filii
658 2134 705 2182 aut
713 2127 858 2182 satietatem
868 2126 1000 2198 opperiri:
1014 2145 1104 2200 quan-

300 2209 382 2272 toque
406 2199 510 2256 oedicra
524 2199 709 2272 exprobrabat,
724 2202 813 2256 acrius
826 2201 969 2256 accendere
974 2221 982 2271 ;
1006 2201 1103 2268 donec,

300 2275 329 2328 vi
339 2275 438 2329 amoris
448 2274 585 2337 subactus,
596 2284 705 2332 exueret
712 2275 874 2348 obsequium
886 2277 916 2332 in
925 2284 1050 2343 matrem,
1062 2295 1105 2332 se-

301 2364 355 2419 que
369 2347 483 2403 Senecac
496 2349 668 2420 permitteret.
706 2350 749 2406 Ex
762 2351 842 2407 cuius
854 2350 1035 2407 familiaribus
1047 2351 1105 2407 An-

300 2439 385 2478 naeus
401 2421 527 2487 Serenus,
547 2422 718 2480 simulatione
730 2426 829 2482 emoris
847 2425 977 2483 adversus
990 2426 1105 2489 eandem

300 2496 439 2563 libertam,
469 2496 571 2568 primas
599 2497 772 2556 adolescentis
793 2499 933 2572 cupidines
956 2499 1104 2567 velaverat,

299 2573 511 2644 praebueratque
525 2588 632 2638 nomen,
644 2582 684 2638 ut,
699 2590 769 2645 quae
778 2575 904 2647 princeps
916 2573 1009 2631 iurtim
1020 2575 1107 2632 muli·

301 2647 406 2703 eraclae
419 2645 561 2710 tribuebat,
575 2645 621 2701 ille
634 2647 724 2718 palam
734 2646 884 2722 largiretur.
923 2650 993 2705 Tum
1003 2649 1107 2724 Agrip-

299 2722 469 2794 pina‚versis
477 2720 590 2786 artibus,
598 2737 648 2792 per
656 2720 837 2779 blandimenta
845 2725 972 2780 iuvenem
980 2723 1105 2800 adgredi,

300 2811 377 2852 mum
392 2801 481 2864 potius
500 2798 646 2850 mileciam
661 2813 695 2850 oc
713 2801 799 2852 sicam
811 2798 913 2864 offerre,
929 2805 1104 2870 contepeuda'a,

301 2885 368 2937 quoe
378 2873 468 2936 mma
480 2877 553 2924 arms
576 2877 601 2923 et
610 2885 711 2925 summo
719 2876 827 2941 tortam
834 2883 990 2943 sepulcrm
1031 2872 1106 2942 Quin

301 2951 327 2996 et
337 2940 467 2998 letabatur
476 2946 1106 3022 intempestioanraeoera'tatem,etsuarumopum,
