2575 3734
1160 422 1161 453 l

305 508 354 560 3l0
584 508 821 560 ANNAMUM
968 498 1110 572 (n.n.812.
1160 458 1161 473 χ

303 619 446 686 postquam
458 610 637 684 exploratores
650 607 769 665 adtulere
783 611 952 678 motoquam
964 613 1038 678 repta
1048 613 1110 670 seer,

304 697 337 753 et,
349 688 421 746 Medi
434 705 471 742 no
479 689 574 742 Albani
580 693 739 754 peterentur,
755 688 891 747 tuentum,
902 680 992 737 lucem
1000 682 1110 754 opperi-

304 771 362 818 tur:
387 762 590 836 praemissaqne
604 758 672 815 levis
686 764 834 823 armatura,
848 773 921 828 quae
932 773 1028 811 muros
1042 757 1109 812 inte

303 838 357 892 rim
379 837 506 902 ambiret,
536 835 819 910 oppugnationemque
839 830 948 886 eminus
967 829 1106 904 insiperet.

304 910 357 967 Sed
371 910 507 983 oppidani,
528 911 612 981 portis
626 915 722 979 sponte
735 904 881 977 patefactis,
902 923 933 960 se
942 922 1050 978 suaque
1059 905 1107 960 lio

237 1019 239 1024 ,
304 985 556 1057 manispermisere.
596 981 675 1049 Quod
682 980 797 1037 salutem
806 981 875 1052 ipsis
885 979 957 1035 tulit.
996 980 1107 1056 Artaxe

304 1062 340 1116 tis
349 1061 421 1133 ignis
431 1059 572 1121 inmissus,
582 1056 721 1129 deletaque
729 1063 756 1110 et
764 1053 821 1111 solo
829 1063 941 1128 aequata
951 1063 1031 1111 sunt:
1045 1055 1105 1126 quia

306 1152 356 1190 nec
364 1133 448 1188 teneri
457 1132 516 1188 sine
525 1131 614 1188 valido
623 1130 757 1203 praesidio
768 1130 803 1186 ob
811 1129 1028 1204 magnitudinem
1038 1147 1107 1186 moe·

306 1211 394 1274 nium,
406 1224 455 1262 nec
464 1203 493 1261 id
502 1206 580 1262 nobis
590 1207 692 1262 virium
702 1213 766 1271 erat,
780 1205 854 1278 quod
866 1203 999 1260 firmando
1007 1204 1107 1276 praesi-

305 1284 350 1338 dio
364 1289 390 1336 et
403 1280 565 1353 capessendo
579 1281 651 1336 bello
663 1279 840 1336 divideretur:
862 1278 915 1346 vel,
930 1279 956 1334 si
970 1281 1076 1352 integra
1084 1285 1107 1332 et

305 1355 464 1412 incustodita
479 1356 704 1429 relinquerentur,
719 1353 794 1410 nulla
804 1355 833 1410 in
842 1353 984 1410 eoutilitas
993 1364 1043 1409 aut
1054 1353 1107 1428 glo
1160 1336 1161 1411 l

305 1433 355 1497 ria,
375 1430 449 1504 quod
466 1439 542 1504 capua
561 1438 659 1486 essent.
698 1428 831 1486 Adiioitur
847 1428 1020 1494 mirnctrlum,
1038 1428 1108 1484 velut

306 1505 419 1561 numine
428 1505 556 1562 oblatum.
587 1506 854 1570 Nemounctaextra,
870 1503 1108 1569 tectistanus,sole
1160 1508 1161 1533 ¹

305 1579 430 1636 inlustria
442 1579 529 1649 fuere3
544 1579 617 1652 quod
627 1579 769 1634 moenibus
778 1579 945 1652 cingebatur,
956 1579 993 1633 ita
1001 1587 1108 1650 repente
1160 1626 1161 1641 ,

307 1663 362 1712 atra
375 1655 447 1710 nube
457 1661 618 1726 coopertum,
630 1651 841 1726 fulguribusque
850 1653 996 1711 duacum
1005 1661 1058 1720 est,
1070 1660 1106 1716 ut,
1160 1668 1161 1681 ¹

306 1732 386 1804 quasi
400 1729 595 1786 infensantibus
610 1728 677 1794 deis,
693 1729 774 1784 exitio
788 1727 856 1784 tradi
868 1727 1030 1784 crederetur.
1070 1726 1108 1782 Ob

306 1805 373 1861 haec
386 1804 566 1862 consalutatus
581 1810 724 1873 imperator
737 1803 822 1859 Nero:
842 1811 869 1858 et
879 1802 1108 1859 senatusconsulto

307 1880 515 1954 supplicationes
527 1879 645 1941 habitae:
667 1885 945 1950 statuaequectarcus
955 1885 981 1932 et
990 1878 1108 1934 continui

307 1954 461 2010 consulatus
470 1955 599 2028 principi:
622 1961 705 2026 utque
718 1954 786 2009 inter
796 1951 877 2008 festos
889 1951 1033 2008 referretur
1043 1951 1108 2015 dies,

307 2047 363 2101 quc
381 2036 482 2100 patrata
491 2030 610 2095 victoria,
631 2046 687 2102 quo
700 2029 830 2094 nuntiata,
844 2045 902 2100 quo
909 2026 1025 2084 relatum
1034 2027 1071 2083 de
1078 2044 1108 2093 'ea

307 2111 391 2168 esset,
412 2103 519 2176 aliaque
538 2105 567 2160 in
586 2103 697 2160 eandem
710 2103 824 2160 formam
833 2104 1029 2168 decernuntur,
1046 2102 1108 2157 adeo

308 2177 419 2233 modum
429 2177 1057 2254 egressa,utC.Cassius,deceterisbonnribus
1065 2176 1109 2233 ad·

307 2269 414 2318 sensus,
430 2257 455 2308 st
465 2271 516 2322 pro
530 2257 686 2324 beniqnitate
697 2260 819 2324 [ortunae
834 2257 887 2323 dite
899 2262 988 2322 pratea
1001 2271 1109 2322 operen-

308 2337 361 2392 tur,
374 2344 406 2382 ne
420 2337 501 2382 totum
515 2333 617 2397 quidem
628 2346 727 2384 onnam
736 2331 969 2398 supplicationibus
979 2331 1107 2398 sufficere,

307 2402 477 2458 disseruerit:
498 2419 576 2472 eoque
604 2412 724 2474 oportere
737 2407 824 2459 dividi
834 2419 926 2459 esem
934 2412 958 2458 et
967 2407 1109 2472 oeqotfoeoe

308 2483 370 2543 dies,
385 2483 444 2548 qais
453 2481 544 2532 divina
555 2481 675 2543 colerent,
686 2488 712 2534 et
720 2482 836 2534 hammon
843 2495 896 2533 noo
904 2482 1059 2546 inpedirent.

363 2555 405 2612 ii.
426 2551 514 2611 Variis
533 2551 630 2609 deinde
646 2555 754 2609 casibus
772 2554 898 2619 iactatus,
918 2560 944 2608 et
962 2551 1109 2608 multorum

307 2629 367 2684 odie
387 2629 500 2685 meritus
517 2644 594 2694 reus,
610 2627 684 2683 baud
697 2636 786 2684 nmen
799 2629 859 2686 sitae
868 2626 971 2684 invidia
983 2625 1106 2692 Senecae,

308 2702 461 2760 damnatur.
498 2700 586 2758 lsfuit
595 2703 624 2758 P.
634 2701 748 2768 Suilius,
758 2704 927 2776 imperitante
936 2700 1050 2758 Claudio
1059 2710 1108 2757 ter-

308 2777 396 2833 ribilis
410 2796 441 2834 no
453 2777 567 2845 venalis,
581 2786 607 2833 ct
616 2778 762 2852 mutatione
774 2784 935 2850 temporum,
946 2793 1010 2842 nou,
1022 2794 1107 2850 quan·

308 2859 367 2906 turn
381 2853 484 2908 inimici
499 2859 634 2923 cuperent,
651 2851 801 2921 demissus3
821 2854 1106 2925 quiquesenocentem
1160 2870 1161 2907 l

306 2925 405 2989 *videri
416 2942 499 2998 quem
509 2924 669 2996 supplicem,
681 2925 780 2982 mallet.
793 2925 861 2980 Eius
869 2925 1040 2996 opprimendi
1048 2943 1107 3000 gre

245 3049 248 3053 .
308 3001 345 3054 tia
359 2999 501 3071 repetitum
516 2999 655 3056 videbatur
673 2999 949 3067 senatusconsultum,
970 3017 1107 3074 poenaque
