2575 3734
203 493 228 531 i.
241 492 267 531 e.
280 472 327 548 aa.)
404 446 484 529 nin.
503 480 563 529 xv,
581 483 672 531 ,cna
694 485 733 529 51.
755 484 796 529 ee.
947 480 997 540 aet

202 583 316 640 Neronis
335 582 403 639 inter
412 576 566 659 ministms,
579 598 633 639 non
647 598 681 637 ex
694 583 877 657 magnitudine
890 584 997 644 sceleris

202 664 354 731 provectus,
375 656 539 713 atrebatum
576 658 602 711 ls
615 656 722 713 mulieri
734 658 797 713 olim
807 660 938 733 cognitus,
948 680 997 717 seu
1075 677 1077 682 ·

203 750 295 787 recens
309 738 365 787 crta
375 730 498 797 amicitia,
513 731 578 787 dum
589 731 682 787 merita
692 748 753 807 erga
762 732 893 788 Neronem
902 753 961 800 aua,
972 746 998 791 et

203 824 287 879 wem
296 806 325 861 in
336 806 448 861 inritum
460 806 625 872 cecidissent,
636 807 729 878 aperit,
740 806 997 881 adiicitquequestus

204 889 229 936 et
242 880 443 937 destinationem
458 880 599 947 vindictae,
618 881 642 935 si
657 879 768 937 facultas
779 883 902 949 oriretur,
921 900 998 955 apem

205 954 287 1021 dedit,
301 971 380 1027 pesae
392 954 485 1027 inpelli
494 963 520 1009 et
529 952 621 1026 plures
630 953 781 1011 conciliare
817 956 872 1011 Nec
881 956 940 1013 leve
949 975 998 1013 au·

205 1029 302 1085 uilium
316 1028 344 1083 in
355 1029 448 1094 classe,
462 1028 567 1085 crebras
576 1030 741 1103 occasiones;
762 1030 826 1102 quia
835 1030 904 1087 Nero
913 1031 997 1088 multo

203 1103 276 1175 apud
285 1102 406 1161 Puteolos
415 1112 441 1159 et
450 1104 582 1161 Misenum
593 1103 901 1161 marisusulnetabatur.
926 1106 998 1180 Ergo

202 1178 344 1251 Epicharis
362 1176 454 1251 plura:
476 1187 501 1234 et
517 1179 607 1235 omnia
626 1176 725 1234 seelera
737 1179 867 1252 principie
880 1180 996 1238 orditur:

203 1270 285 1323 oeque
297 1270 325 1307 ee
337 1256 445 1317 lectore,
465 1258 532 1323 quod
549 1258 627 1309 loona
637 1262 716 1321 cecat,
732 1258 999 1324 prosternendum

202 1330 279 1384 modo
294 1344 392 1396 poenae
410 1345 513 1383 eversae
530 1330 688 1397 reipublicae
704 1331 793 1395 deret,-
819 1333 999 1398 accingeretur

203 1406 279 1457 modo
287 1404 999 1472 novareopercmatmitttcmccerrimoadccarticpar-

204 1485 249 1539 tae,
260 1494 293 1531 ac
301 1479 381 1545 dicae
387 1482 474 1545 pretia
485 1484 651 1545 exspectaret.
685 1475 800 1530 Nomina
809 1482 897 1531 tamen
906 1478 1000 1533 conin-

203 1558 321 1606 ratorum
334 1550 446 1607 reticuit.
476 1550 552 1605 Unde
561 1549 666 1607 Proculi
677 1550 806 1605 indicium
816 1550 926 1606 inritum
936 1550 997 1617 fuit,

204 1625 330 1696 quamvis
352 1632 392 1690 ea,
414 1642 483 1695 quae
502 1625 633 1691 audierat,
656 1624 689 1679 ad
706 1625 837 1681 Neronem
850 1623 998 1680 detulisset.

205 1698 294 1753 dccita
304 1700 405 1772 quippe
414 1698 564 1771 Epicharis,
576 1706 672 1754 etcum
683 1698 769 1753 indice
778 1697 1000 1770 compositamul-

204 1772 238 1829 lis
248 1775 360 1831 testibus
371 1773 495 1830 innixum
506 1772 582 1829 facile
591 1771 744 1828 confutavit.
782 1770 835 1827 Sed
844 1774 902 1843 ipsa
912 1773 942 1827 in
951 1774 1000 1828 cu'-

202 1848 288 1905 stedia
302 1856 401 1903 retenta
410 1856 459 1913 cst,
473 1854 640 1921 suspectante
649 1848 761 1913 Nerone,
772 1846 846 1903 haud
854 1846 919 1903 ialsa
928 1863 999 1912 ease,

203 1924 285 1979 etiam
295 1940 364 1996 quae
373 1940 434 1978 vera
445 1940 497 1977 non
506 1922 694 1995 probabantur.

259 1998 303 2054 di.
324 1996 472 2067 Coniuratis
485 2006 588 2063 mmen,
608 2006 681 2053 metu
694 1993 850 2067 proditionis
860 1996 997 2066 permotis,

204 2070 332 2143 placitum
343 2080 474 2127 maturare
483 2071 589 2127 caedem
600 2071 671 2143 apud
680 2070 757 2125 baias
766 2071 796 2125 in
804 2068 868 2126 villa
877 2070 996 2127 Pisonis:

204 2147 283 2203 cuius
300 2149 457 2203 amoenitate
475 2155 569 2218 eaptus
583 2144 678 2201 Caesar
696 2144 787 2200 creber
800 2161 832 2200 eo
844 2144 989 2203 ventitabat

203 2218 368 2294 balneasque
382 2231 408 2277 et
421 2220 514 2294 epulas
527 2221 621 2286 inibat,
636 2219 744 2275 omissis
753 2218 874 2274 excubiis
883 2226 908 2273 et
917 2218 1000 2275 lartu-

205 2311 256 2349 nae
267 2312 332 2351 suae
346 2295 425 2353 mole.
464 2282 515 2351 Sed
526 2295 620 2357 abnuit
636 2296 708 2358 Piso,
726 2293 861 2359 ,invidiam
878 2302 1000 2365 praeten-

204 2369 282 2437 dens,
297 2372 322 2425 si
336 2388 409 2426 sacra
424 2386 531 2425 mensae
544 2369 637 2441 diique
648 2366 793 2439 hospitales
805 2367 884 2424 caede
897 2367 1001 2440 qualis·

204 2462 323 2517 cumque
330 2446 460 2517 principis
470 2452 679 2501 moererentur.
705 2440 998 2515 Meliuaapudurbem,

204 2520 232 2577 in
246 2518 292 2575 illa
306 2520 395 2578 invisa
408 2527 434 2575 et
446 2518 539 2591 spoliis
553 2518 655 2576 civium
669 2523 800 2573 excuncta
812 2517 900 2580 domo,
915 2513 958 2570 vel
970 2516 1000 2569 in

204 2593 313 2665 publico
331 2602 490 2667 patraturos,
508 2593 581 2666 quod
594 2609 642 2665 pro
655 2590 792 2664 republica
808 2589 998 2658 suscepissent.

204 2669 274 2725 llaec
283 2670 312 2724 in
321 2686 477 2725 commune:
498 2675 614 2725 ceterum
624 2663 837 2729 timoreocculto‚
847 2662 921 2717 neL.
932 2660 1001 2716 Sila-

205 2760 268 2810 nus,
289 2744 387 2799 eximia
402 2742 536 2811 nobilitate
553 2741 749 2814 disciplinaque
767 2736 798 2794 C.
813 2736 909 2802 Cassii,
929 2736 1002 2809 apud

206 2834 287 2890 quem
297 2818 424 2873 educmus
434 2825 498 2884 erat,
513 2816 663 2903 adomnane
672 2812 858 2870 claritudinem
867 2809 1001 2899 eubaea,

208 2892 350 2963 imperium
368 2892 513 2958 invaderet,
525 2898 655 2964 prompte
670 2888 773 2945 daturis
786 2903 904 2960 operam
923 2903 971 2957 qur
985 2903 1001 2939 a

205 2966 385 3045 coniuratione
393 2967 491 3043 integri
500 2973 597 3033 meent,
609 2964 712 3041 quique
714 2964 910 3095 1rprliprrsparerttur
919 2961 1002 3029 Nero-
