2575 3734
274 501 325 556 att
548 505 782 563 aunanann
939 493 1078 570 (ωηο.

274 605 348 670 tibus
355 604 476 670 Parthis,
487 603 679 676 Nicephorium
689 611 715 659 et
723 601 949 670 Anthemusiada,
960 611 1082 660 ceteras-

274 697 329 753 que
343 680 438 745 urbes,
460 696 532 752 quaa¹
543 678 733 735 Macedonibus
750 679 817 734 sitne
830 679 931 734 Graeca
947 678 1082 735 vocabula

274 761 421 826 usurpant,
437 753 589 827 Halumque
602 761 629 808 et
641 753 812 819 Artemitam,
827 753 950 808 Parthica
967 753 1079 824 oppida,

274 829 387 900 recepit,
401 829 563 884 certantibus
577 827 690 902 gaudim
706 829 755 901 qni
768 826 948 894 Artabanum,
964 826 1081 902 Scythas

274 904 344 960 inter
355 903 496 967 eductum,
510 903 546 958 ob
555 903 694 957 saevitiam
708 902 851 967 exsecrati,
866 918 942 958 come
951 902 1081 958 Tiridatis
1161 902 1162 911 ’

275 978 426 1053 ingenium,
437 977 569 1032 Romanas
580 993 627 1048 per
637 985 717 1041 artes,
729 977 879 1048 sperabant.

331 1054 373 1108 ii.
394 1050 545 1106 Plurimum
554 1049 714 1106 adulationis
723 1050 1025 1117 Seleucensesinduere,
1039 1051 1083 1105 oi-
1163 1072 1164 1087 i

275 1127 344 1182 vitas
353 1131 456 1197 potens,
468 1133 541 1198 septa
550 1125 780 1198 muris,nequein
789 1125 933 1181 barbarum
942 1133 1080 1196 eorrapta,
1164 1158 1165 1171 κ

275 1200 324 1256 sed
336 1198 478 1255 conditoris
488 1197 592 1254 Seleuci
604 1200 733 1255 retineas.
772 1200 906 1266 Trecenti,
921 1200 1018 1271 opibus
1032 1207 1083 1254 aut

278 1274 407 1345 sapientia
416 1273 521 1339 delecti,
533 1281 564 1330 ut
572 1273 694 1330 sensnm:
715 1273 940 1345 soapopnlotis:
962 1281 997 1339 et,
1009 1291 1083 1346 quo-

277 1348 497 1404 tiensoonoordes
507 1356 603 1422 agunt,
619 1349 755 1421 spernitur
764 1348 893 1417 Parthus3
914 1347 1083 1404 ubidissen-

277 1439 348 1488 sere,
364 1421 431 1478 dum
440 1423 494 1478 sibi
504 1424 622 1495 quisque
630 1430 721 1478 conca
730 1421 850 1477 aemulos
861 1423 1016 1478 subsidium
1030 1439 1082 1478 vo-

277 1503 348 1562 cant,
358 1497 457 1553 nocitus
467 1498 496 1552 in
506 1505 618 1568 partem,
633 1497 777 1552 adversum
787 1498 881 1552 omnes
891 1497 1009 1552 valescit.
1049 1493 1083 1552 ld

278 1588 364 1644 nuper
378 1572 520 1636 acciderat,
536 1570 669 1626 Artabano
682 1578 823 1646 regnante,
837 1572 887 1644 qui
902 1569 1009 1700 plebem
1021 1573 1083 1642 pri-

278 1645 400 1702 moribus
411 1645 519 1702 tradidit
532 1663 566 1702 ex
579 1663 630 1701 suo
643 1663 707 1700 usu.
746 1646 814 1700 Nam
829 1663 902 1718 popu
912 1647 922 1701 i
932 1646 1081 1718 imperium

277 1720 353 1776 iuxta
366 1718 527 1788 libertatem
546 1712 853 1792 pancorom‘dominatio
865 1721 954 1796 regiae
972 1719 1082 1775 libidini
1171 1766 1172 1779 ,

277 1795 385 1868 propior
405 1803 455 1852 est.
494 1796 564 1850 Tum
587 1794 773 1851 adventantem
792 1793 927 1850 Tiridaten
950 1792 1083 1850 extollunt

277 1877 399 1926 veterum
408 1887 503 1943 regum
513 1869 671 1935 honoribus,
681 1878 708 1924 et
716 1886 786 1940 quos
794 1885 887 1924 reoens
896 1877 967 1924 aetas
978 1867 1082 1944 largius

278 1944 395 2000 invenit:
415 1944 499 2002 simul
514 1945 610 2016 probra
623 1944 654 2019 in
667 1943 832 1999 Artabanum
845 1942 1006 2009 fundebant,
1021 1952 1083 1998 mo-

279 2026 355 2072 ternc
368 2022 469 2088 arigim
480 2019 643 2082 Arsaciden,
659 2027 745 2073 cetero
757 2022 912 2088 &penante
949 2017 1083 2073 Tiridates

278 2108 337 2147 rem
347 2089 532 2148 Seleucensem
542 2093 641 2165 populo
650 2093 788 2165 permittit.
826 2093 899 2154 Mox,
914 2091 1081 2159 consultans,

280 2181 397 2238 quonam
410 2165 454 2220 die
467 2166 586 2224 solennia
604 2168 681 2239 regni
698 2167 865 2239 capesseret?
880 2166 982 2223 litteras
996 2167 1084 2242 Pbra7

279 2239 349 2295 hatis
359 2248 385 2294 et
393 2239 526 2307 Hieronis,
538 2242 586 2314 qui
596 2241 778 2298 validissimas
789 2241 967 2313 praefecturas
977 2241 1085 2297 obtine-

278 2314 357 2380 bant,
368 2314 477 2386 accipit,
488 2315 598 2372 brevem
608 2333 710 2372 moram
720 2316 896 2387 precantium.
936 2314 1084 2372 Placitum-

279 2389 475 2461 que,opperin'
484 2390 556 2445 viros
566 2389 767 2461 praepollentis:
788 2391 985 2462 atqueinterim
994 2389 1085 2446 Ctesi-

278 2462 362 2592 phon,
373 2461 450 2518 sedes
460 2462 576 2534 imperii,
587 2465 677 2535 petita.
711 2463 774 2530 Sed,
785 2464 834 2520 ubi
841 2464 914 2520 diem
923 2481 958 2522 ex
966 2465 1010 2520 die
1018 2481 1086 2538 pro-

289 2537 404 2602 stabant,
416 2536 509 2594 multis
519 2553 608 2592 coram
617 2545 644 2593 et
652 2537 1085 2612 adprobantibus,Surena,pataio

279 2628 362 2678 more,
373 2611 507 2668 Tiridaten
517 2611 619 2686 insigni
628 2613 701 2700 regio
710 2613 823 2669 evinxit.

336 2689 378 2744 lb.
398 2685 447 2752 bc,
457 2687 482 2742 si
491 2687 580 2742 statim
589 2687 713 2742 intenora
722 2694 876 2760 ceterasque
885 2688 1087 2759 nadonespeti-

279 2761 375 2827 abeat,
394 2777 522 2833 oppressa
534 2762 717 2817 cunctantium
734 2761 877 2828 dubitatio,
897 2769 923 2816 et
940 2777 1034 2817 omnes
1052 2763 1084 2818 in

279 2852 367 2892 unum
379 2833 520 2892 cedebant:
542 2835 690 2892 adsidendo
700 2835 856 2904 castellum,
874 2837 905 2892 in
916 2835 991 2908 quod
999 2851 1087 2908 pecu·

279 2911 353 2964 niam
368 2917 394 2964 et
407 2908 516 2980 pellices
528 2908 681 2967 Artabanus
695 2909 854 2977 contulerat,
877 2909 950 2966 dedit
963 2911 1085 2983 spatium

280 2983 395 3040 exuendi
403 2992 490 3058 pacta.
528 2987 597 3042 Nam
607 2985 752 3042 Phrabates
761 2993 788 3041 ot
796 2985 885 3053 Hiero,
895 2993 931 3052 et,
941 2985 1026 3060 siqui
1035 2984 1085 3041 aiii
