2575 3734
287 510 336 566 att
566 514 800 561 hausurum
955 506 1085 579 (suam.
1138 515 1142 540 ¹

284 616 372 745 trrerlagiq
386 614 488 687 insigni
496 614 625 689 prodigio,
640 611 705 688 quia
714 614 828 670 Parthus
836 614 922 671 hostis
932 613 1087 670 missilibus
1138 607 1148 696 'q

321 692 345 745 is
372 697 475 744 eredat.

340 768 365 820 8.
387 763 509 820 Ceterum
518 763 882 835 Paetus,spretisominibus,
893 761 1010 819 necdum
1020 766 1087 819 satis
1148 793 1150 846 q

285 838 397 895 firmatis
415 838 604 903 hibernaculis,
626 837 701 894 nullo
713 839 752 893 rei
764 836 952 893 frumentariae
960 839 1085 911 provisu,

285 916 356 987 rupit
364 914 509 969 exercitum
519 916 592 967 trans
602 920 719 967 montem
728 912 846 968 'laurum
854 912 1048 985 reciperandis,
1057 922 1087 967 ut

228 994 231 1001 '
285 989 394 1054 ferebat,
410 988 615 1062 Tigranocertis,
632 987 822 1060 vastandisque
834 987 1000 1062 regionibus,
1016 1005 1086 1060 quas

287 1062 401 1120 Corbulo
410 1063 525 1135 integras
538 1062 682 1117 omisisset.
721 1062 755 1116 Et
764 1069 838 1135 capta
847 1062 980 1135 quaedam
990 1062 1087 1117 castel-
1152 1055 1154 1126 l

286 1138 326 1194 la:
345 1136 499 1212 gloriaeque
513 1142 539 1190 et
552 1136 665 1207 praedae
677 1136 798 1192 nonnihil
808 1145 925 1209 partum,
936 1138 961 1192 si
971 1146 1019 1193 aut
1028 1137 1087 1211 glo-
1153 1143 1154 1186 l

286 1215 355 1268 riam
373 1228 435 1267 cum
455 1210 543 1274 modo,
564 1218 610 1265 aut
628 1210 753 1283 praedam
768 1230 831 1267 cunr
845 1228 917 1277 cura,
933 1211 1084 1268 habuisset.
1154 1229 1155 1256 t

286 1285 453 1359 Longinquis
466 1284 608 1341 itineribus
622 1286 810 1357 percursando,
828 1302 898 1360 quae
910 1286 1025 1342 obtineri
1039 1304 1087 1342 ne-
1155 1321 1156 1338 r

285 1360 412 1434 quibant3
433 1369 570 1432 conrupto,
586 1362 635 1433 qui
650 1368 742 1433 captus
756 1368 820 1427 erat,
836 1369 995 1426 commeatu,
1007 1370 1034 1416 et
1043 1362 1087 1417 in-

286 1441 370 1490 stante
379 1435 433 1489 iarn
443 1435 541 1501 hieme,
556 1434 663 1491 reduxit
672 1435 828 1501 exercitum,
838 1437 1043 1509 composuitque
1052 1436 1086 1491 ad

286 1510 425 1566 Caesarem
436 1509 544 1575 litteras,
555 1511 634 1584 quasi
644 1509 761 1566 conlecto
770 1510 849 1577 bello,
858 1510 948 1566 verbis
958 1511 1087 1585 magnifi-
1158 1579 1159 1582 Ἴ

286 1602 334 1650 crs,
346 1600 552 1641 rerumvacuas.
573 1596 576 1605 ’
960 1642 968 1647 .

341 1662 367 1715 9.
388 1660 496 1715 luterim
507 1658 621 1715 Corbulo
632 1676 773 1733 nunquam
783 1657 929 1733 neglectam
938 1660 1086 1732 Euphratis

286 1736 373 1807 ripam
388 1735 564 1791 crebrioribus
578 1733 719 1806 praesidiis
733 1734 844 1789 insedit:
865 1742 899 1799 et,
914 1752 948 1789 ne
957 1736 1030 1807 ponti
1040 1736 1087 1789 in-

286 1809 400 1866 iicieudo
407 1808 620 1882 inpedimentum
629 1808 739 1864 hostiles
749 1817 852 1864 turmae
864 1808 1004 1875 adferrent,
1018 1809 1084 1881 (iam

287 1887 359 1941 onim
374 1885 500 1940 subiectis
514 1886 616 1957 campis
629 1901 726 1958 magna
740 1885 829 1955 specie
840 1882 991 1958 volitabant)
1002 1900 1086 1939 naves

287 1959 471 2035 magnitudine
477 1966 638 2033 praestantes
649 1967 674 2013 et
683 1976 815 2015 connexas
824 1959 955 2024 trabibus,
962 1976 994 2014 ac
1003 1960 1087 2014 turri-

286 2034 339 2089 bus
354 2041 453 2101 auctas,
474 2036 528 2109 agit
541 2052 589 2106 per
602 2050 719 2099 amnem,
739 2032 932 2107 catapultisque
944 2041 970 2089 et
979 2033 1087 2089 balistis

285 2108 423 2181 proturbat
431 2110 569 2165 barbaros:
581 2110 610 2164 in
621 2124 690 2182 quos
699 2126 762 2164 saxa
772 2116 798 2164 et
807 2108 897 2163 hastae
907 2108 1014 2183 longius
1024 2126 1088 2181 per-

287 2183 419 2249 meabant,
429 2202 512 2257 quam
522 2191 552 2239 ut
564 2184 695 2240 contrario
705 2184 859 2258 sagittarum
871 2184 940 2238 iactu
951 2183 1088 2257 adaequa-

287 2264 388 2313 rentur.
426 2260 493 2314 Dein
506 2277 573 2332 pons
587 2260 764 2324 continuatus,
779 2256 912 2330 collesque
922 2257 1087 2330 adversiper

287 2332 371 2389 socias
382 2333 510 2399 cohortes,
520 2341 580 2406 post
589 2332 725 2409 legionum
734 2332 827 2388 eastris
836 2340 1007 2403 occupantur,
1012 2340 1088 2388 tauta

267 2430 269 2434 ·
288 2406 418 2463 celeritate
431 2415 457 2462 et
469 2410 640 2468 ostentatione
653 2409 763 2475 virium,
779 2416 809 2463 ut
817 2407 917 2472 Parthi,
927 2408 1029 2463 omisso
1038 2425 1088 2480 pe·

287 2490 346 2539 ratu
365 2481 529 2540 invadendae
549 2482 650 2557 Syriae,
671 2500 747 2556 spem
765 2500 873 2539 omnem
885 2484 915 2538 in
929 2481 1087 2539 Armeniam

287 2565 426 2614 verterent.

343 2637 384 2690 to.
405 2634 445 2689 lbi
458 2632 563 2697 Pactus,
577 2632 768 2688 inminentium
781 2631 897 2697 nescios,
913 2624 1037 2702 q‘inta'm
1048 2630 1088 2686 le-

286 2710 393 2783 gionem
408 2708 499 2781 procul
513 2709 542 2765 in
556 2708 637 2763 Ponto
649 2707 775 2775 habebat3
796 2706 892 2779 reliqu:
906 2724 914 2761 ,·
939 2729 944 2741 ·
965 2707 1087 2762 »miscuis

288 2782 406 2839 militurn
420 2782 611 2841 commeatibus
623 2782 816 2850 infirmaverat3
837 2782 928 2846 donec,
944 2778 1088 2836 adventare

287 2856 433 2933 Vologesen
442 2856 685 2933 magnoetiulenso
694 2858 809 2931 agmine,
821 2856 951 2911 auditum.
976 2854 1088 2911 Accitur

288 2932 358 3007 legio
366 2931 531 2999 duodecima,
543 2941 577 2998 et,
584 2931 656 2986 unde
665 2930 763 2987 lamam
773 2932 842 2987 aucti
853 2930 983 2986 exercitus
993 2946 1088 3001 spera-

292 3016 370 3074 verat,
385 3006 488 3080 prodita
502 3006 694 3080 infrequentia:
718 3022 772 3078 qua
785 3012 873 3061 taurea
882 3004 989 3061 retineri
999 3012 1086 3060 castro
