2575 3734
296 489 346 542 too
577 492 812 540 usnemun
956 483 1096 558 (unare

294 591 431 659 defuisset,
442 590 511 648 nihii
520 599 621 648 mutata
630 591 787 649 amoenitate
795 591 874 658 vitae,
880 590 1099 666 magnitudinem

294 669 461 744 negotiorum
469 683 518 739 per
527 667 627 740 litteras
640 666 804 722 excusavitr·
813 666 981 740 honoresque
993 683 1100 724 memo-

293 740 1097 816 rioeeiusnbsenetulargedecretos,quesipermodestiem,

281 817 438 882 inminuit,
452 816 547 887 paucis
555 815 701 870 admodum
707 815 833 886 receptis,
844 823 871 870 et
879 814 982 881 addito,
993 832 1030 870 ne
1039 833 1100 872 cae-

294 891 369 947 lestis
378 889 678 978 reiigiodeoerneretur:
699 889 835 960 sioipsam
845 889 983 944 malumse.
1024 888 1097 956 Quin

293 973 320 1020 et
331 972 407 1038 perte
418 963 540 1019 eiusdem
553 962 680 1035 epistoloe
698 963 831 1035 increpuit
849 964 979 1028 amicitias
998 963 1099 1019 mulie·

292 1040 365 1105 brus,
375 1037 485 1094 Fufium
494 1037 632 1093 consulem
640 1037 750 1114 oblique
758 1038 950 1112 perstringens.
976 1039 1003 1092 Is
1010 1040 1097 1112 gratia

294 1114 431 1187 Augustae
443 1110 587 1179 demeret,
599 1111 847 1182 optus'adliciendis
860 1111 1023 1168 feminarum
1039 1113 1099 1168 aui·

293 1189 361 1256 mis;
381 1186 460 1242 dicax
471 1185 559 1252 idem,
574 1193 601 1240 et
608 1185 747 1244 Tiberium
756 1185 858 1241 acerbis
868 1184 969 1242 facetiis
976 1187 1099 1258 vinridere

293 1263 403 1327 solitus,
417 1277 535 1333 quuum
547 1259 621 1332 apud
633 1267 816 1333 praepotentes
829 1261 859 1334 iu
872 1259 983 1336 longum
993 1276 1099 1318 memo-

293 1337 392 1392 riaest.

349 1414 375 1466 3.
396 1407 756 1482 Ceterumexeopraerupte
764 1409 819 1466 iam
829 1418 855 1466 et
864 1427 964 1484 urgens
972 1409 1098 1468 domina-

292 1485 340 1544 tio.
378 1484 461 1560 Nam,
472 1483 601 1540 ineolumi
610 1485 747 1558 Augusta,
762 1492 818 1540 erat
827 1483 1095 1559 edhuc'periugium3

292 1559 358 1631 quia
367 1558 474 1614 Tiberio
483 1559 660 1614 inveteratum
669 1576 731 1633 erga
741 1560 1037 1632 mntrernohsequium3
1050 1578 1098 1616 ne-

292 1631 466 1706 queSeianus
474 1633 589 1689 audebat
597 1634 746 1690 auctoritati
755 1635 873 1706 parentis
883 1635 991 1690 anteire.
1006 1634 1095 1698 Tune,

293 1707 367 1764 velut
376 1707 1098 1782 irenisexsolutiproruperuut:missaequeiuigrip-
1163 1721 1164 1780 u

291 1784 386 1855 pinam
399 1801 431 1840 ac
443 1784 577 1840 Neronem
590 1782 704 1850 litterae,
725 1800 794 1856 quas
812 1782 918 1854 pridem
934 1781 1051 1848 adlatas,
1073 1791 1100 1838 et

292 1859 423 1914 cohibitus
441 1858 476 1916 ab
489 1859 626 1932 Augusta,
644 1857 757 1914 eredidit
774 1857 884 1932 vulgus.
923 1855 1001 1912 Haud
1021 1857 1097 1912 enim

292 1933 410 1988 multum
423 1941 484 2005 post
498 1942 610 1990 mortem
625 1934 685 1988 eius
699 1932 819 1988 recitatae
828 1939 901 1987 sunt.
939 1930 1028 1986 Verba
1037 1932 1098 1986 ine-

292 2014 352 2062 rent
361 2009 481 2080 quaesita
490 2008 644 2079 asperitate:
666 2006 714 2062 sed
723 2023 776 2062 non
787 2024 869 2072 erma,
882 2023 935 2074 non
945 2022 1037 2060 rerum
1048 2023 1098 2062 no-
1162 2033 1163 2040 ,

292 2098 389 2136 varum
410 2081 545 2151 studium3
569 2099 673 2138 amores
695 2082 839 2146 iuvenum,
865 2088 891 2135 et
907 2079 1096 2152 inpudicitiam

291 2155 381 2226 nepoti
389 2153 545 2210 obiectabat.
581 2156 615 2232 ¹Iu
624 2173 726 2234 nurum
735 2172 770 2210 ne
780 2154 809 2210 id
818 2154 929 2228 quidem
943 2152 1097 2228 confingere

292 2246 387 2294 ausus,
398 2227 579 2302 adrogantiam
587 2229 647 2290 orie,
654 2237 679 2283 et
688 2236 871 2286 contumacem
881 2230 1003 2284 animum
1015 2229 1097 2284 incu-

238 2350 245 2358 .
292 2303 376 2368 savit,
391 2319 489 2376 magno
498 2299 606 2358 se'natus
618 2319 717 2374 pavore
726 2320 757 2358 ao
767 2304 886 2368 silentio:
907 2303 990 2358 donec
1001 2303 1093 2374 pauci,

216 2387 219 2390 ’
291 2377 355 2449 quis
364 2375 439 2431 nulla
448 2392 483 2431 ex
491 2375 602 2432 honesto
610 2371 851 2452 spes,(etpublica
859 2375 929 2432 mala
938 2375 1095 2450 singulisin

291 2450 457 2506 occasionem
469 2451 570 2524 gratiae
584 2449 736 2526 trahuntur)
750 2459 780 2506 ut
798 2451 953 2518 referretur,
973 2450 1096 2524 postule·
1160 2449 1161 2489 ἱ

291 2541 368 2592 vere,
382 2525 585 2598 promptissimo
593 2523 667 2580 Cotta
676 2523 842 2592 Messallino,
858 2545 921 2582 oum
935 2526 1015 2582 aucei
1030 2543 1095 2582 sen-

290 2600 382 2655 tentia.
401 2597 454 2654 Sed
463 2597 549 2654 aliisa
557 2599 733 2670 primoribus,
743 2601 915 2674 maximeque
925 2618 940 2655 a
952 2601 1096 2674 magistra-

287 2673 380 2747 tibus,
394 2673 588 2752 trepidabatur:
609 2674 711 2745 quippe
721 2673 858 2741 Tiberius,
873 2675 922 2748 etsi
933 2673 1041 2750 ¹infense
1051 2676 1095 2731 iu-

286 2755 393 2822 locotus,
405 2755 489 2802 cetera
499 2745 626 2821 ambigua
634 2747 795 2820 reliquerat:
1088 2761 1092 2768 ⁴

346 2823 372 2876 i.
393 2822 456 2877 Fuit
473 2823 503 2878 in
522 2828 616 2883 senatu
632 2823 727 2877 iunius
740 2823 882 2890 Rusticus,
903 2822 1094 2894 componendis

291 2891 398 2966 patr'um
418 2897 484 2950 actis
500 2896 618 2952 deiectus
631 2914 647 2952 a
662 2896 786 2963 Caesare,
806 2913 891 2970 eoque
910 2895 1093 2952 meditationes

292 2969 351 3024 eius
360 2970 533 3043 introspicere
541 2965 672 3028 murs:
689 2971 729 3034 is,
744 2970 817 3027 fatali
827 2971 944 3045 quodem
954 2978 1029 3028 motu
1038 2970 1094 3044 (ne-
