2575 3734
202 536 228 573 r.
242 533 266 572 o.
280 517 327 590 ao.)
406 527 484 572 nrn.
504 527 568 574 xm
587 527 678 575 css.
699 529 740 575 ts.
760 529 801 574 ss.
953 523 1003 579 tet

201 624 237 682 tr
259 625 439 692 Meherdates,
458 625 555 682 velidis
573 624 684 685 auxiliis
706 626 838 694 nudatus,
858 636 1003 686 murorum

201 700 352 772 proditione
364 709 497 773 suspecta,
513 701 587 773 quod
601 717 688 756 unum
702 698 779 788 [erat]
789 701 935 776 reliquum,
946 722 1003 761 rem

201 776 334 830 incusum
346 774 409 832 dere
429 774 583 848 proelioque
594 775 710 846 experirr
720 776 820 832 statuit.
855 778 911 832 Nec
919 777 1004 833 detre-

202 850 283 920 otauit
305 866 426 923 pugnem
446 850 585 916 Gotarzes,
609 848 756 906 deminutis
777 849 901 906 hostibus
919 851 1002 908 ieron.

121 917 124 942 '
202 923 1005 998 Conoursumquemaguaoaedeetambigooeventu:donee

202 997 364 1065 Cothonea,
380 997 527 1073 profligatis
540 998 662 1055 obversis
672 997 779 1072 longius
789 1009 921 1066 eventum,
935 1001 1005 1056 inte·

201 1073 1005 1220 tt⁶tttttlt⁰³tl⁰t¹tt⁰tttdttttztdt

202 1229 321 1288 secutus,
332 1221 392 1280 dolo
400 1223 460 1280 eius
470 1223 596 1288 vincitur,
608 1221 775 1294 deditusque
783 1224 887 1280 viotori.
914 1223 1004 1297 Atque

200 1295 1004 1368 illeoeuproptnquam,suquedrsooisdeomts,ssdolteot-

201 1389 294 1441 ossam
306 1380 331 1428 et
344 1373 495 1437 Romanum,
509 1371 662 1442 increpans,
676 1371 789 1428 auribus
802 1371 900 1429 dsoisis
912 1373 1004 1430 vivere

201 1445 286 1512 iubet,
306 1448 476 1519 ostentuiqne
490 1445 645 1502 elementiae
659 1461 734 1511 suae,
752 1453 779 1502 et
790 1446 820 1502 iu
830 1465 878 1503 uos
887 1447 1004 1504 dehone-

201 1528 341 1576 stamento.
381 1521 447 1578 Dein
463 1520 588 1577 Gotarzes
602 1519 696 1581 morht>
710 1520 785 1587 obiit,
807 1523 962 1594 sonitusque
974 1523 1003 1576 in

200 1611 316 1670 regnum
329 1595 461 1662 Vonones,
476 1594 809 1667 Medostwnpreesidsm.
849 1595 1004 1655 Nuttshuir
1112 1635 1115 1639 -

200 1687 328 1742 prospera
337 1677 383 1725 aut
392 1669 513 1736 adverse,
525 1673 587 1742 quis
598 1678 799 1725 memoraretur.
837 1669 915 1724 Brevi
926 1678 951 1723 et
959 1671 1000 1723 in-
1011 1734 1013 1737 v

199 1745 286 1819 glorio
303 1744 417 1817 imperio
434 1744 591 1817 periunotus
611 1752 665 1812 eet3
691 1759 789 1815 resque
801 1743 959 1799 Parthorum
974 1744 1004 1797 in

203 1819 291 1876 lilium
301 1820 361 1878 eiua
369 1818 516 1894 Vologesen
525 1817 675 1880 translatae.

258 1897 300 1950 tt.
321 1894 530 1970 trutannus
539 1895 720 1966 Bosporanus,
730 1892 839 1948 amissis
849 1890 947 1963 opibus
956 1908 1004 1947 ve-

201 1985 265 2042 gue,
279 1977 421 2041 postquam
435 1969 554 2036 Didium,
575 1969 671 2025 ducem
684 1967 846 2033 Bomeuum,
868 1965 1005 2038 roburque

202 2043 336 2100 exereitus
349 2043 438 2100 abisse
447 2053 613 2118 cognoverat,
630 2041 735 2099 relictos
745 2042 773 2096 in
784 2058 853 2098 nouo
861 2058 943 2115 regno
953 2040 1005 2097 Co-

202 2127 261 2191 tyn,
281 2117 390 2173 iuventa
407 2119 513 2184 rudem,
535 2127 560 2172 et
573 2135 673 2190 paneas
691 2117 841 2172 oohortium
859 2133 923 2172 oum
935 2115 1004 2171 lulio

201 2191 302 2264 Aquila
315 2193 406 2266 equite
419 2191 551 2250 Romano:
572 2194 669 2264 spretis
680 2192 811 2263 utrisque,
821 2191 926 2246 oonoirs
935 2191 1005 2245 nati-

201 2283 277 2332 ones,
289 2265 398 2325 inlinere
406 2266 547 2341 perfugas:
568 2275 711 2338 postremo,
725 2266 843 2321 exercitu
852 2273 950 2331 manto,
960 2281 1004 2319 re-

280 2340 490 2412 Dandaridnrum
506 2341 628 2396 exturbat
642 2341 810 2412 imperioque
824 2340 883 2396 eius
892 2340 1002 2412 potitur.

201 2357 276 2482 &ilde
291 2415 339 2470 ubi
350 2417 465 2490 unguite,
481 2426 506 2474 et
515 2417 569 2471 iam
580 2416 689 2487 iemque
698 2414 844 2486 Bosporum
859 2415 1004 2470 invasuros

121 2497 122 2553 i
202 2489 363 2553 habebatur.
372 2489 455 2548 diffisi
465 2491 581 2563 propriis
591 2488 696 2546 viribus
704 2487 802 2562 Aquila
811 2498 837 2544 et
842 2488 932 2562 Cotys,
939 2487 1004 2559 quia

201 2563 493 2630 denominationum
502 2581 559 2631 aex,
570 2563 677 2622 hostilia
686 2570 1004 2635 resumpseratorrterms

202 2648 227 2699 ot
247 2641 302 2712 ipsi
314 2639 414 2714 gmt'as
428 2639 595 2712 quaesivere,
608 2639 704 2694 missis
717 2638 810 2712 legetis
819 2636 1002 2700 edliunonen,

201 2715 251 2788 qui
263 2713 428 2772 Adorsorum
441 2715 514 2788 genti
528 2713 718 2787 praeoellebat
749 2713 805 2768 Nee
817 2709 870 2766 luit
880 2710 909 2764 in
921 2708 1005 2798 arduo

343 2783 1007 2936 numum

197 2938 443 3008 molestemus
457 2946 582 2996 eertum:
602 2939 704 2992 nisidio
719 2938 824 2990 urbiam
837 2935 948 2989 Bosmni
959 2947 1006 2985 eo·
