2575 3734
131 514 136 521 '
198 514 321 587 tout)
400 522 795 576 maxucamano.
948 526 998 579 373

254 626 288 681 ab
319 621 429 679 Talibus
438 622 575 698 Vologesis
586 624 690 692 litteris,
701 629 765 700 quia
776 629 871 685 Paetus
880 630 997 694 diversa,

197 708 338 771 tamquam
347 698 428 753 rebus
438 698 558 773 integris,
570 701 711 768 scribebat,
721 704 896 777 interrogatus
905 715 998 761 eentu-

197 775 248 838 rio,
270 774 319 845 qui
333 790 396 827 oum
410 772 503 847 legatis
518 772 668 842 advenerat,
689 793 744 848 quo
755 778 784 833 in
793 774 998 835 statu'rirmenia

198 846 287 903 esset‘l
297 848 463 903 omnes'indo
471 848 603 905 Romanos
613 851 760 906 excessisse
768 853 913 925 respondit.
927 854 997 910 Tum

197 921 331 977 intellecto
338 921 510 977 barbarorum
520 924 617 989 inrisu,
628 926 677 996 qui
687 932 813 997 peterent,
824 927 898 1000 quod
906 929 997 999 eripu-

198 1004 283 1063 erant,
296 996 430 1051 consuluit
447 997 516 1051 inter
534 998 664 1069 primores
678 1001 792 1055 ciuitatis
806 1002 884 1066 Nero,
895 1002 997 1057 bellum

198 1086 306 1143 anceps,
322 1080 356 1125 on
370 1086 424 1143 pax
438 1070 578 1127 inhonesta
590 1072 723 1144 placeret?
740 1075 795 1130 Neo
804 1075 953 1131 dubitatum
963 1078 998 1131 de

197 1145 276 1202 bell'o.
316 1146 350 1200 Et
360 1144 484 1213 Corbulo,
501 1144 618 1201 militum
629 1148 836 1219 atquehostiurn
846 1158 939 1223 totper
949 1169 998 1206 on·

197 1232 246 1277 nos
261 1234 371 1295 gnarus,
389 1216 519 1294 gerendae
531 1221 569 1275 rei
581 1222 742 1293 praeficitur,
754 1240 789 1279 ne
797 1226 876 1281 ouius
889 1226 997 1281 alterius

196 1296 303 1351 lnsm'tia
312 1308 421 1351 rursum
431 1302 593 1367 peccaretur,
604 1300 670 1369 qqio
678 1297 748 1352 l’aeti
759 1299 889 1372 piguerat.
914 1293 998 1374 Igitur

196 1371 272 1426 inriti
286 1372 467 1435 remittuntur,
481 1386 545 1425 cum
558 1370 635 1425 donis
646 1379 744 1436 tamen,
758 1373 831 1427 unde
840 1391 902 1445 spes
913 1375 995 1440 fieret,

197 1462 252 1501 non
272 1444 369 1500 frustm
388 1444 479 1499 eadem
494 1452 631 1499 oraturum
646 1446 790 1512 Tiridaten,
805 1449 828 1501 sl
838 1461 929 1518 preces
938 1450 998 1521 ipso

196 1519 345 1576 adtulisset.
385 1518 530 1593 Syriaeque
539 1520 674 1575 exsecutio
682 1519 783 1587 Cincio,
798 1523 889 1593 copiae
898 1522 998 1577 militae

197 1606 240 1650 res
256 1593 398 1651 Corbuloni
411 1596 571 1665 permissae,
598 1600 624 1648 et
636 1595 833 1667 quintacectma
849 1595 931 1668 legio,
945 1596 997 1651 du*

197 1676 273 1725 cente
286 1670 368 1725 Mario
383 1667 469 1734 Celso,
490 1669 654 1723 ePannonia
668 1670 768 1725 adlecta
777 1675 827 1725 est.
865 1670 997 1725 Scribitur

197 1744 335 1800 tetrarchis
348 1760 378 1799 ac
391 1744 510 1817 regibus,
524 1742 719 1816 praefectisque
732 1752 758 1799 et
769 1745 994 1816 procuratoribus,

196 1820 285 1893 etqui
299 1818 449 1891 praetorum
463 1817 590 1873 finitimas
603 1820 755 1894 provincias
768 1819 901 1892 regebant,
919 1824 998 1874 tusas

120 1934 121 1957 ,
197 1893 353 1949 Corbulonis
362 1896 478 1963 obsequi:
497 1894 524 1949 ln
536 1900 639 1949 tantum
650 1893 734 1949 ferme
744 1895 855 1949 modum
866 1900 998 1965 auctapo-

120 1966 121 1975 ’
196 1974 298 2034 testate,
314 1976 394 2040 quem
409 1967 526 2040 populus
540 1968 678 2025 Romanus
692 1969 742 2024 Cn.
757 1970 881 2041 Pompelo
894 1968 996 2024 bellum

196 2043 341 2099 Piraticum
356 2052 463 2117 gesturo
474 2042 588 2099 dederat.
629 2044 791 2119 Regressurn
800 2045 919 2109 Paetum,
933 2058 997 2097 cum

195 2118 318 2191 grauiora
329 2117 573 2183 metueret,laoetiis
584 2118 708 2175 insectari
718 2120 782 2175 satis
790 2118 994 2184 habuitCaesar,

196 2194 240 2248 bis
251 2192 334 2247 ferme
343 2192 446 2248 verbis:
469 2194 603 2263 renoscere
617 2200 749 2259 aestatim,
760 2212 792 2249 ne
803 2204 855 2249 tam
861 2199 997 2264 prouectus

196 2272 357 2337 inponerem
368 2268 481 2337 lonqiore
491 2270 665 2323 sollieitudine
674 2276 840 2337 accresceret.

251 2344 294 2400 ut.
316 2342 350 2397 At
358 2340 482 2409 Corbulo,
502 2349 595 2415 quarta
614 2350 638 2397 et
657 2343 813 2398 duodecima
833 2342 995 2416 legionibus,

196 2428 274 2490 quae,
295 2416 440 2473 fortissimo
458 2417 566 2491 quoque
585 2416 685 2472 amisso
704 2425 729 2471 et
747 2418 840 2473 ceteris
853 2416 994 2480 exterritis,

195 2504 292 2565 parurn
307 2490 411 2549 habiles
424 2492 523 2564 praelio
539 2490 708 2557 videbantur,
723 2492 752 2546 in
766 2490 871 2567 Syriam
884 2489 997 2546 mansla-

195 2568 240 2633 tis,
257 2574 359 2623 sextam
371 2564 432 2621 inde
447 2584 478 2621 ac
487 2567 590 2622 tertiam
600 2565 727 2639 legiones,
737 2567 872 2639 integrum
882 2564 995 2618 militem

196 2642 337 2706 etcrebris
351 2655 382 2697 ao
394 2637 529 2715 prosperis
542 2640 679 2695 laboribus
690 2641 849 2704 exercitum,
862 2639 892 2693 ln
901 2636 996 2691 Arma-

195 2716 269 2772 niam
280 2716 364 2772 ducit.
401 2708 564 2788 Addiditque
574 2714 705 2789 legionem
715 2714 848 2787 quintam,
858 2726 937 2783 quae,
948 2723 996 2784 per

197 2792 310 2848 Pontum
324 2806 415 2865 agens,
431 2808 526 2863 expers
540 2788 622 2845 cladis
632 2788 727 2856 luerat,
738 2788 820 2843 simul
830 2787 997 2861 quintodeci-

197 2876 301 2932 nranos,
311 2880 403 2921 recens
413 2865 553 2921 adductos:
575 2871 601 2919 et
609 2864 708 2921 vexilla
718 2862 878 2918 delectorum
889 2879 923 2917 ex
933 2860 997 2935 llly-

197 2940 253 2995 rioo
272 2941 297 2997 el
315 2940 444 3015 Aegypto,
464 2940 590 3014 quodque
604 2938 708 2995 alarum
724 2937 940 3009 cohortiumque:
970 2939 998 2990 et
1059 2956 1067 2963 ·

197 3014 298 3073 auxilia
313 3034 406 3091 regum
421 3016 450 3071 in
464 3030 550 3071 unum
561 3014 689 3071 conducta
700 3012 772 3086 apud
780 3011 931 3077 Melitenen,
943 3017 996 3082 qua
