2575 3734
338 485 369 538 ic
617 488 852 536 urrunnun
998 477 1155 553 (unser

335 587 451 646 latebrae
463 597 564 654 texere,
578 604 635 646 uno
643 593 743 644 retento
752 585 886 644 Clemente
895 584 978 652 Iulio,
989 586 1042 659 qui
1052 587 1158 660 perse

335 663 426 720 reudis
436 663 554 720 militum
563 661 696 718 mundatis
710 659 857 718 habebatur
869 661 982 718 idoneus
995 660 1032 717 ob
1047 678 1158 733 prom-

335 746 414 809 ptum
427 738 576 810 ingenium.
616 735 689 802 Quin
703 736 778 808 ipsae
790 737 902 792 intense
916 733 1158 810 legiones‘octava

334 820 361 867 et
374 810 578 884 quintadecume
592 809 694 865 ferrum
703 810 844 882 parebunt:
863 809 929 865 dum
940 809 1157 878 centurionem,

335 891 506 958 cognomento
515 884 664 956 Sirpicum,
676 884 722 940 ille
731 885 810 941 morti
820 884 946 956 deposcit,
957 884 1158 956 quintadecu-

334 959 542 1034 menituentur3
563 960 593 1014 ui
605 957 685 1014 miles
698 975 820 1016 noumus
833 975 925 1030 preces
934 965 973 1024 et,
989 957 1154 1014 adversum

334 1033 510 1104 aspernantis,
521 1034 610 1089 miuus
619 1033 802 1088 interiecisset.

389 1109 433 1162 il.
452 1107 523 1162 llaec
531 1108 620 1162 audita
629 1124 796 1180 quamquam
806 1106 960 1162 abstrusum
971 1113 997 1162 et
1010 1107 1152 1164 tristissi-

333 1197 378 1236 me
387 1197 511 1252 quaeque
519 1181 820 1238 maximeoccultautem
830 1181 968 1237 Tiberium
1016 1181 1148 1252 rpulere,

332 1262 364 1310 ut
372 1255 491 1310 Drusum
500 1255 835 1327 filiumcumprimoribus
844 1255 959 1311 civitatis
991 1255 1149 1328 usibusque

332 1330 471 1400 praetoriis
484 1330 637 1386 nubentibus
650 1330 776 1396 mitteret,
792 1329 875 1386 nullis
889 1329 953 1384 satis
967 1330 1044 1386 certis
1056 1348 1147 1386 man-

331 1403 416 1472 datis;
436 1421 470 1460 ex
484 1421 513 1459 re
527 1405 723 1460 consulturum.
762 1404 796 1459 Et
809 1404 927 1460 cohortes
938 1403 1038 1459 delecto
1046 1405 1144 1460 milite

332 1494 415 1550 supra
430 1477 539 1534 solitum
553 1478 680 1534 firmatae.
719 1477 834 1535 Additur
846 1494 943 1551 magne
956 1495 1018 1550 pars
1027 1487 1143 1551 praeto-

332 1552 402 1606 riani
411 1553 510 1624 equitis
519 1560 545 1607 et
554 1553 647 1608 robore
658 1553 866 1619 Germanorum,
882 1553 930 1624 qui
940 1560 998 1608 tum
1008 1553 1140 1608 custodes

331 1627 484 1698 imperatori
498 1627 619 1682 aderant:
635 1626 718 1688 simul
729 1628 851 1700 praetorii
860 1625 1021 1698 praefectus,
1036 1623 1139 1682 Aelius

334 1699 697 1775 Seianus,eollegaStrnboni,
703 1702 772 1774 patri
781 1718 840 1767 suo,
851 1701 939 1766 datus,
952 1717 1047 1774 magna
1057 1703 1136 1773 apud

333 1775 471 1832 Tiberium
486 1777 651 1842 eumoritate,
667 1783 752 1832 rector
764 1775 871 1840 iuveni,
887 1783 912 1830 et
921 1777 1014 1832 ceteris
1022 1777 1136 1847 pericu-

332 1849 420 1906 lorum
430 1852 663 1925 praemiorumque
672 1855 821 1906 ostentutor.
835 1850 921 1908 Druso
928 1850 1131 1922 propinquanti,

331 1925 412 1994 qussi
420 1942 473 1998 per
485 1925 620 1993 officium,
635 1926 730 1982 obviae
744 1924 820 1982 fuere
826 1923 958 1998 legiones,
974 1942 1026 1980 nou
1036 1923 1131 1990 laetae,

333 2003 362 2050 ut
371 1996 484 2062 adsolet,
496 2017 585 2072 neque
593 2001 747 2076 insignibus
757 1999 904 2075 fulgentes,
915 1998 962 2054 sed
972 1998 1074 2055 inluvie
1082 1998 1133 2054 de-

330 2068 424 2135 formi,
440 2079 466 2124 et
479 2072 570 2138 vultu,
592 2093 758 2148 quemquam
777 2075 936 2132 maestitiam
950 2075 1128 2141 imitarentur,

330 2145 512 2198 contumaciae
521 2148 666 2216 propiores.

386 2220 429 2273 25.
450 2218 594 2290 Postquam
608 2220 711 2276 vallum
729 2223 841 2287 introiit,
861 2232 951 2294 portas
970 2221 1129 2280 stationibus

328 2290 450 2347 firmant:
461 2291 553 2364 globos
563 2302 723 2350 armatorum
732 2297 811 2350 certis
819 2306 964 2353 castrorum
974 2298 1037 2354 locis
1045 2313 1129 2370 oppe-

329 2366 378 2419 riri
392 2365 500 2422 iubent:
522 2367 600 2422 ceteri
614 2367 731 2424 tribunal
746 2369 849 2441 ingenti
863 2373 969 2444 agmine
978 2373 1127 2428 circumve-

329 2440 417 2495 niunt.
457 2439 547 2497 Stabat
555 2442 669 2506 Drusus,
681 2441 818 2498 silentium
829 2460 911 2498 mauu
919 2463 1039 2516 poscens.
1068 2447 1121 2514 Illi,

328 2515 452 2585 quotiens
465 2515 556 2572 oculos
568 2515 602 2571 nd
621 2515 821 2573 multitudinem
840 2518 995 2585 retulerant,
1015 2521 1123 2578 vocibus

328 2588 487 2644 truculentis
495 2597 624 2662 strepere;
639 2608 765 2657 rursum,
777 2591 836 2648 viso
846 2591 970 2659 Caesus,
980 2595 1119 2666 trepidare:

328 2678 453 2718 murmur
470 2664 616 2722 incertumz
636 2673 712 2722 atrox
730 2665 844 2732 clamor,
865 2675 891 2722 et
909 2675 1014 2740 repente
1030 2669 1118 2738 quies:

326 2733 441 2792 diversis
458 2738 610 2795 animorum
628 2739 760 2808 motibus,
815 2741 912 2797 cebant
930 2741 1116 2811 urrehmuue.

327 2809 461 2877 Teudem,
475 2813 622 2885 interrupto
633 2814 766 2882 tumultu,
779 2757 880 2872 liutteras
889 2816 972 2888 patris
981 2815 1078 2881 recitat,
1088 2817 1116 2873 iu

326 2887 391 2954 quts
399 2887 578 2960 perscriptum
586 2897 656 2943 erat:
675 2890 847 2960 Prmeipuwn
859 2895 911 2958 ipat
923 2893 1116 2960 smtbaimcnem

327 2959 455 3028 legionum
465 2977 570 3026 curam,
584 2966 736 3032 ᾳυίὸωονηι
744 2967 861 3034 plurimo
871 2967 937 3022 bello
952 2966 1113 3022 toleravisset:
