2575 3734
170 511 226 548 nc.
241 491 290 566 rs.)
373 502 452 548 ΜΒ.
470 501 517 550 tv.
538 503 626 550 csr.
647 501 767 550 es-sr.
913 501 961 554 {65

169 601 300 676 ingeniis,
314 599 405 674 gliscit
413 603 565 658 sncmntssr
585 619 673 677 nsque
682 601 756 658 allud
765 605 865 660 externi
874 621 959 679 reges,
975 601 982 612 '

168 677 270 748 outqui
279 675 374 732 esdsrn
383 677 632 744 montascinum,
648 678 701 734 nisi
714 677 829 734 dedecus
841 679 908 744 sibi,
923 688 962 736 al·

169 767 222 824 que
228 751 287 806 illis
295 750 410 824 glor-ism
418 767 552 824 peperero.

221 829 264 880 36.
286 825 411 882 Celerum
419 826 585 898 postulandis
594 827 709 882 reistsm
719 827 861 883 cortinam
875 843 962 884 annus

169 901 232 966 luit,
239 908 275 956 ut
282 899 412 956 immam
421 901 575 956 Latinarum
584 900 693 967 diebus,
704 899 864 978 praelectum
875 901 968 968 urbis,¹

169 977 296 1041 llrusum
308 975 465 1048 auspicandi
473 977 557 1049 grstia
568 975 682 1030 tribunal
693 977 858 1050 ingressum,
869 977 963 1032 adierit

170 1050 332 1122 Calpurnius
346 1049 488 1106 Salvianus
501 1051 530 1105 in
543 1049 604 1106 Sex.
618 1051 743 1106 llariurn.
782 1049 858 1117 Quod
872 1050 963 1107 sCso-

169 1143 225 1181 sare
242 1125 335 1198 palem
352 1126 526 1197 increpitum,
545 1141 640 1180 causes
658 1124 746 1180 exsilii
759 1123 882 1181 Salviano
900 1125 960 1182 iuil.

169 1199 275 1256 Obiecta
293 1199 403 1272 publico
416 1200 554 1274 Cyzicenis
573 1199 676 1254 incuria
695 1200 913 1256 caerimoniarum
931 1201 959 1256 d.

168 1276 299 1350 dngnsti,
313 1275 411 1330 additis
423 1273 562 1330 violentisc
570 1273 729 1330 criminibus
738 1273 880 1330 adversum
889 1275 961 1332 cives

168 1351 312 1406 Romanos.
350 1349 384 1405 llt
391 1350 505 1404 amisere
514 1349 672 1415 libertatem,
687 1364 769 1421 quern
780 1347 850 1406 bello
858 1350 963 1405 llitbri·

168 1426 235 1480 datis
248 1432 403 1479 meruerant
416 1424 599 1490 circumsessi,
613 1440 663 1478 nec
676 1424 767 1479 minus
782 1439 831 1480 suu
840 1432 963 1480 constan·

168 1502 216 1566 n'o,
230 1515 319 1572 quom
327 1499 458 1570 praesidio
468 1499 586 1570 luculli,
597 1498 677 1572 pulso
686 1515 756 1573 rege.
794 1497 962 1557 Atlionteius

169 1575 275 1646 Capito,
295 1574 345 1646 qni
362 1572 503 1644 proconsul
521 1573 613 1629 Asiam
631 1581 782 1639 curaverat,
804 1573 963 1645 absolvitur,

168 1655 317 1721 comperto,
332 1647 391 1702 ficte
404 1649 432 1704 in
445 1665 510 1704 curn
521 1649 633 1704 crimina
645 1663 693 1720 per
702 1648 812 1706 Vibium
822 1647 960 1704 Serenum.

168 1726 263 1797 Neque
270 1731 360 1778 temen
370 1723 398 1778 id
407 1722 504 1779 Sereno
513 1741 597 1779 noxae
605 1722 669 1792 lnit3
680 1739 761 1796 quern
771 1722 863 1778 odium
872 1723 964 1796 publi·

168 1816 229 1854 curn
239 1799 366 1855 tutiorem
375 1797 492 1854 iaciebat.
531 1799 610 1864 Nem,
621 1804 652 1854 ut
661 1799 724 1870 quis
734 1796 875 1853 districtior
885 1813 963 1853 uocu-

168 1883 251 1939 sstor,
262 1871 338 1928 velut
347 1880 527 1930 sanoesnctus
536 1880 605 1929 eret:
622 1871 708 1939 leves,
718 1871 859 1946 ignobiles,
869 1874 962 1945 poenis

167 1948 366 2004 adliciebantur.
840 1979 844 1987 =

221 2023 265 2078 st.
286 2023 337 2076 Per
350 2022 420 2078 idern
432 2031 538 2095 tempus
551 2021 678 2094 Hispania
691 2017 813 2088 ulterior,
829 2022 921 2078 missis
929 2021 963 2078 ad

167 2105 290 2153 senatum
305 2095 411 2170 legatis,
430 2099 528 2163 oravit,
543 2104 574 2153 ut
586 2094 708 2170 exemplo
722 2095 802 2152 Asine
821 2096 963 2153 delubrum

167 2173 274 2228 liberio
282 2172 415 2244 matrique
423 2173 482 2227 cius
492 2178 647 2227 exstrueret.
683 2169 962 2237 Quaoocasionecse·

167 2265 223 2312 sar,
239 2246 348 2302 vnlidns
356 2245 457 2319 alioqui
466 2246 623 2319 spernendis
638 2245 798 2312 bonoribus,
814 2254 840 2302 et
852 2261 963 2320 respon-

167 2322 287 2378 dendum
297 2321 428 2386 ranulis,
439 2338 555 2394 querum
564 2337 672 2377 rumore
686 2320 846 2395 arguebatur
858 2321 887 2377 in
902 2337 961 2375 orn-

166 2398 296 2454 biticnem
304 2394 419 2461 flexisse
430 2395 616 2452 huiuscemodi
624 2396 769 2452 orationem
778 2396 872 2468 coepit.
891 2397 960 2458 Scio,

165 2473 192 2528 P.
207 2471 251 2534 0.,
262 2475 523 2527 musuommcom
532 2488 549 2526 o
555 2473 879 2540 puruqosoestoorctcm,
895 2473 963 2540 quod

164 2548 244 2604 delos
254 2547 414 2609 cioitotr'bus,
428 2562 511 2614 anper
524 2547 669 2600 idmislud
678 2549 834 2616 pumtilus,
848 2561 900 2599 noo
912 2549 962 2599 sim

165 2625 328 2677 odonem
357 2620 889 2692 Erroetpriorlesilentlldssensioosrn,st
900 2621 963 2687 quid

164 2701 321 2766 infuturum
328 2699 472 2760 emmelim,
483 2697 695 2764 &maceriem
725 2694 822 2750 stand.
832 2693 963 2762 Aemulus

164 2769 836 2840 mtotucomlllomocumplomcpoul’srqomom
845 2769 963 2823 detineo

162 2847 352 2914 wellesburn
369 2848 416 2915 qul
431 2849 518 2900 ortuo
533 2850 606 2916 sacto
626 2848 748 2915 dictuque
763 2847 818 2900 slus
830 2845 886 2898 olco
899 2845 963 2913 laqls

164 2922 308 2982 clunem
325 2921 453 2988 chotun
470 2925 524 2976 tom
541 2922 685 2988 coemptum
701 2922 845 2988 promptius
860 2926 963 2972 secutus

164 3011 237 3058 m,
258 2998 323 3065 orsio
338 2996 420 3050 cultos
432 3011 489 3050 soso
500 3000 632 3050 omorctlo
643 3002 748 3050 senous
765 2995 962 3062 cdiomslctor.
