2575 3734
202 503 328 579 som.)
387 513 467 559 nnn.
487 512 562 560 xva
583 514 673 561 cue.
693 513 816 561 as—at.
955 507 1005 562 tta

140 648 145 661 ·
203 617 299 671 torvus
309 630 340 669 ao
348 614 452 680 minax,
472 629 546 680 voca,
565 613 654 680 vultu,
674 607 760 669 oeulis
770 614 930 670 ardescant:
951 631 1004 671 non

201 690 251 745 illa
265 697 326 746 uota
339 696 365 744 et
379 683 528 744 celebritate
541 688 723 761 periculorum
738 698 813 745 sueta
825 690 881 745 iam
896 700 1006 746 senatm

202 764 346 829 maestitia,
358 762 405 818 sed
415 778 502 819 novus
511 770 537 819 et
551 762 626 821 altior
635 778 718 835 pavor
731 780 828 819 manua
838 771 864 821 ot
873 763 924 820 teta
932 765 1007 819 miti-

202 849 263 896 tum
278 838 457 894 cernentibus.
496 836 583 893 Simul
598 839 687 911 ipsius
700 838 832 894 Thraseae
845 839 1006 895 vananbilis

203 914 309 986 species
323 912 526 969 obversabatur:
547 920 573 968 et
586 920 670 978 arant,
685 914 735 985 qui
748 914 896 970 Hatotdtum
906 930 1006 985 qucum

203 989 409 1054 miserarentur,
438 992 564 1043 tuuouioc
588 992 734 1059 udltuttotic
753 1005 852 1057 pomae
873 992 1005 1043 datam

207 1062 277 1129 Quu
291 1066 436 1132 Agrippino
444 1064 577 1127 obtectum,
591 1068 645 1119 uisi
655 1066 754 1117 tristem
759 1062 1007 1133 pmmctortuucm?

203 1140 310 1207 quaudo
322 1146 346 1191 at
356 1139 409 1202 uu,
421 1139 531 1203 periodo
539 1140 669 1200 tuuocmtc,
690 1137 788 1192 rioms·
795 1142 906 1193 comitto
918 1142 1007 1194 couci-

203 1215 292 1266 dc'ccct.
330 1210 468 1266 Enimuero
489 1210 643 1265 Montanum
658 1214 757 1279 protos
775 1215 906 1278 iuvmtoc,
924 1230 1007 1283 moue

203 1288 299 1357 {amoti
308 1288 442 1347 carminis,
449 1288 512 1354 quta
518 1287 659 1353 protulerit
668 1289 943 1353 incautum,ccton·cm
951 1292 1005 1357 αφ’.

260 1363 303 1415 30.
323 1358 412 1431 Atque
424 1356 532 1414 interim
546 1356 668 1414 Ostorius
682 1357 808 1425 Sabinus,
821 1359 915 1416 Sorani
925 1360 1008 1417 adou-

135 1472 144 1481 =·
204 1440 285 1500 sator,
296 1433 455 1509 ingreditur,
466 1432 623 1507 orditurque
631 1437 663 1488 tta
671 1435 1004 1501 amicitioltutotttiPtoutt,

205 1514 323 1579 quodque
340 1511 552 1578 proconsulatum
568 1509 648 1563 Asiae
665 1507 793 1573 &mauu
808 1526 860 1577 pro
873 1513 1003 1576 claritate,

204 1588 256 1640 uu
266 1588 355 1653 potius
367 1586 598 1647 adcommodatum,
616 1600 695 1653 quom
708 1600 743 1638 cor
755 1586 869 1639 utilitato
879 1590 1008 1640 commemo·

206 1664 305 1729 coisset,
320 1662 413 1715 amado
425 1662 563 1713 seditiosos
576 1662 718 1714 ciuitatum.
755 1656 849 1713 Vetera
858 1658 937 1714 haeo:
958 1658 1007 1714 aad

205 1750 297 1791 recens
317 1743 342 1789 et
361 1732 434 1806 quod
450 1732 602 1789 discrimini
621 1732 705 1805 patris
723 1731 807 1788 filiam
824 1732 1004 1800 connectebat,

205 1814 274 1881 quod
285 1814 423 1877 paccatum
436 1808 524 1881 Macte
538 1811 665 1877 ditorqito
677 1816 749 1864 accat.
787 1806 925 1864 Acciderat
941 1824 1007 1863 sana

205 1884 302 1957 pietate
316 1882 457 1939 Serviliae:
477 1882 507 1939 id
521 1884 594 1938 anim
609 1900 707 1939 nomen
719 1882 826 1955 puellae
839 1880 904 1939 tuit:
923 1899 1004 1955 quae,

206 1959 312 2013 caritate
326 1974 388 2031 arga
402 1966 548 2030 parentem,
563 1957 647 2013 simul
659 1957 829 2029 inprudentia
839 1959 940 2023 astatis,
951 1974 1006 2013 non

206 2042 295 2088 tamen
310 2031 385 2089 aliud
397 2032 605 2099 oonsultaveret,
620 2049 704 2105 quam
718 2032 752 2087 da
764 2032 945 2089 incolumitate
957 2032 1008 2088 do-

207 2124 279 2175 mus,
299 2114 326 2162 et
343 2124 378 2162 an
391 2106 530 2179 placabilis
545 2108 623 2173 Nero,
645 2124 681 2162 an
693 2109 809 2181 cognitio
817 2117 927 2163 sanatus
935 2106 1005 2163 nihii

207 2191 281 2239 atrox
290 2180 411 2237 adferret.
447 2184 531 2257 Igitur
540 2183 711 2237 aooitnestin
720 2191 853 2247 sanatum,
863 2190 1009 2237 steterunt-

207 2274 262 2331 qua
270 2256 384 2313 diversi:
405 2265 466 2313 anto
475 2255 1008 2330 tribunatconsutum,grandiaaevopa-

208 2350 283 2401 rens,
303 2339 393 2386 eontra
403 2331 467 2398 tilia,
479 2334 548 2387 intra
557 2332 718 2387 vicesimum
728 2332 820 2386 aetatis
829 2348 941 2397 annum,
954 2348 1008 2385 nu·

207 2406 369 2481 permerito,
383 2405 608 2473 AnnioPolliona,
622 2404 652 2462 in
662 2405 789 2462 exsilium
798 2405 887 2478 palso,
899 2405 1006 2461 viduata

207 2480 391 2553 ‹tesolataquae
411 2498 442 2537 ao
452 2498 485 2551 ne
495 2490 597 2554 patrem
607 2480 717 2555 quidam
727 2482 845 2546 intuens,
854 2481 933 2535 curius
941 2494 1008 2534 one-
1110 2487 1120 2499 ·

207 2572 281 2613 resae
290 2554 408 2627 petiouta
418 2556 567 2611 uidebatur.

261 2634 304 2688 at.
325 2631 396 2687 Tum
409 2632 587 2705 interrogante
599 2630 762 2696 adouaatore,
782 2646 819 2684 un
833 2630 918 2683 cuttuc
930 2630 1008 2682 dotc-

208 2712 252 2772 tcc,
262 2725 299 2763 uu
308 2710 454 2762 detructum
463 2710 560 2761 carnici-
568 2708 662 2761 mansu
670 2707 889 2784 cauumdcdtmat,
901 2718 953 2772 ouo
958 2718 1008 2771 po-

210 2786 311 2837 cuutum
326 2785 455 2852 faciendis
467 2780 580 2850 Monimo
592 2784 679 2836 sacris
688 2774 869 2835 coatmturct?
886 2776 1007 2849 primum

210 2864 288 2911 strata
300 2856 388 2921 humi,
411 2855 544 2935 longoque
552 2853 616 2911 fletu
625 2862 652 2909 ot
660 2854 775 2920 silentio,
795 2859 865 2926 post,
881 2850 1010 2907 altariaot

210 2946 282 2995 uam
295 2930 440 3003 complexa,
456 2931 558 2994 Nuttoa,
575 2930 674 3005 inquit,
690 2933 775 2998 ruptos
787 2932 856 2992 daos,
866 2928 1009 2982 saluam

210 3010 329 3071 cottoucc,
335 3022 380 3060 uec
390 3010 465 3063 atiud
473 3008 620 3077 tatcticibua
626 3007 748 3075 precibus
752 3007 882 3132 indm
891 3016 971 3071 quoue
978 3007 1008 3056 ut

246 3079 351 3137 Tacitus
369 3080 390 3136 l.
