2575 3734
189 498 215 536 Α.
228 495 252 536 c.
266 475 314 552 u.)
389 486 469 532 me.
488 485 568 533 x111.
589 462 804 534 cneo-11.
943 482 989 538 tet

189 587 257 644 dum
268 593 411 651 amoveret,
424 585 502 640 tradit
511 586 694 642 nobilissimos
703 603 737 641 ex
748 585 848 643 inmilia
855 586 995 644 Arsacida-

189 679 263 717 rum.
303 659 466 732 Accepi'tque
480 677 524 716 cos
538 662 658 716 centurio
671 662 797 727 Insteius,
813 661 847 716 ab
859 655 995 719 Ummidio
1070 725 1074 735 ,

190 737 293 792 missus
302 733 369 790 ior-te
378 735 465 806 priore
474 735 508 790 de
517 751 621 801 caussa,
638 735 709 791 edito
719 750 799 810 rege·
827 735 908 803 Quod
922 745 995 808 post-

190 827 274 884 quam
289 808 433 865 Corbuloni
444 811 580 884 conmitum
590 817 639 876 ost,
654 811 695 865 irc
703 810 867 884 preelectum
880 812 995 867 cohortis

190 884 408 942 ArriumVarum
418 893 443 940 ct
452 886 599 958 reciperare
608 885 715 941 obsides
727 887 810 941 iubet.
828 887 994 941 llin'cortum

190 961 262 1016 inter
278 957 440 1031 praelectum
459 967 485 1015 et
498 961 679 1016 centurionem
694 962 829 1035 iurgium,
845 978 880 1016 ne
892 961 994 1017 diutius

191 1035 308 1090 externis
318 1033 468 1106 spectaculo
481 1043 559 1102 esset,
573 1035 714 1090 arbitrium
724 1037 762 1090 rei
771 1033 912 1092 obsidibus
922 1035 995 1109 lega-

189 1111 289 1182 tisque,
310 1110 360 1181 qui
374 1125 419 1164 eos
433 1109 574 1175 ducebant,
594 1111 769 1181 permissum.
809 1111 898 1184 Atque
909 1109 950 1165 illi
959 1110 995 1166 ob

190 1191 323 1240 recentem
336 1183 459 1256 gloriam,
474 1191 500 1238 ct
511 1183 683 1240 inclinatione
693 1185 809 1257 quadam
819 1187 899 1240 etiam
909 1184 994 1240 hosti-

190 1277 248 1324 um,
261 1257 439 1314 Corbulonem
449 1257 606 1330 praetulere.
638 1259 715 1314 Unde
723 1259 854 1314 discordia
864 1261 933 1315 inter
941 1259 994 1314 du-

188 1351 248 1390 ces:
270 1341 397 1404 querente
408 1332 552 1398 Ummidio,
566 1341 716 1402 praererna,
731 1351 797 1402 quac
811 1339 867 1389 cute
877 1338 994 1390 conditio

185 1413 361 1480 patravisset:
381 1413 491 1462 teotardo
503 1414 592 1462 contra
605 1406 765 1473 Corbulone,
782 1425 834 1464 non
841 1415 918 1478 priua
931 1426 993 1464 corr·

188 1499 293 1539 cereum
301 1498 385 1552 repom
394 1485 431 1538 cd
439 1485 583 1554 assumor
591 1485 700 1550 obsideo,
711 1499 790 1552 quom
799 1486 861 1552 ipre,
872 1487 929 1538 duc
940 1487 993 1538 bct-

190 1562 217 1613 to
236 1560 355 1623 delectur,
377 1573 436 1626 epea
456 1560 512 1613 etur
520 1561 521 1566 ’
530 1559 566 1611 art
578 1566 673 1610 metum
686 1563 806 1612 mutaret.
844 1558 923 1624 Nero,
937 1573 994 1630 quo

190 1637 359 1702 componeret
377 1631 511 1697 diversos,
532 1631 573 1686 sic
590 1629 712 1704 eurlgari
728 1631 822 1686 iussit:
845 1631 884 1687 Ol
903 1649 954 1694 rea,
974 1651 993 1687 o

191 1707 328 1772 Quadrato
341 1715 365 1760 et
382 1705 525 1760 Corbulone
534 1723 659 1774 prospere
667 1714 752 1774 putor
765 1709 870 1760 laurum
877 1709 993 1775 {aerem

187 1783 366 1849 imperatoriis
383 1784 458 1835 addi.
497 1778 580 1847 Quae,
601 1779 630 1835 in
650 1779 717 1835 alios
731 1778 854 1835 consules
873 1795 990 1854 egressa

187 1871 326 1911 coniunxi.
465 1901 472 1915 s

246 1931 288 1984 ro.
309 1927 409 1985 Eodem
419 1947 488 1986 anno
499 1929 594 1987 Caesar
604 1929 721 2004 elligiem
731 1929 990 2002 Cnbomitiopatri,

188 2003 340 2060 consularia
354 2005 471 2080 insignia
486 2004 599 2060 Asconio
612 2006 739 2070 Labeoni,
755 2021 811 2077 quo
824 2012 910 2060 tutore
923 2020 991 2059 usus

190 2087 256 2144 erat,
267 2079 362 2150 petiuit
371 2097 385 2134 a
394 2087 502 2136 senatu:
524 2079 631 2152 sibique
641 2087 742 2136 statuas
755 2085 864 2153 argento
873 2077 916 2135 rel
926 2095 992 2133 auro

188 2153 289 2210 solidas
300 2153 427 2210 adversus
436 2154 573 2210 offerentes
583 2154 730 2226 probibuit.
768 2155 812 2220 Bt,
823 2169 991 2226 quamquam

188 2229 357 2283 censuissent
366 2235 463 2300 patres,
476 2236 505 2284 ut
514 2230 680 2302 principium
687 2229 750 2284 anni
761 2229 890 2300 inciperet
897 2243 992 2284 mense

187 2303 324 2368 Decemb,
336 2319 391 2374 quo
402 2310 476 2358 ortus
486 2311 542 2358 erat
550 2305 629 2370 Nero,
641 2311 756 2358 veterem
770 2303 927 2378 religionem
936 2302 992 2357 Ka-

188 2377 328 2433 lendarum
337 2378 520 2433 ianuariarum
534 2377 683 2434 inchoando
696 2391 766 2434 anno
777 2379 897 2434 retinuit.
937 2378 991 2432 Ne-

187 2469 243 2526 que
253 2453 350 2524 recepti
361 2457 424 2507 sunt
433 2452 503 2507 inter
511 2469 570 2508 reos
581 2451 691 2508 Carinas
696 2451 781 2519 Celer,
787 2462 901 2518 senator,
913 2469 992 2507 servo

187 2533 338 2592 accusante,
359 2534 406 2582 aut
425 2527 511 2582 lulius
530 2528 644 2594 Densus,
662 2534 797 2600 equester,
813 2528 858 2582 cui
874 2525 948 2582 lavor
961 2526 990 2580 in

185 2600 372 2658 Britannicum
382 2601 489 2656 crimini
499 2601 619 2658 dabatur.

244 2679 286 2731 tt.
307 2675 419 2732 Claudio
432 2677 545 2741 Nerone,
561 2677 592 2732 L.
608 2675 722 2732 Antistio
735 2691 804 2731 coss.
815 2691 879 2730 curn
892 2674 991 2729 inacta

185 2750 342 2824 principum
355 2751 474 2805 iurarent
487 2751 669 2824 magistratus,
684 2756 712 2805 iu
723 2768 773 2804 cua
786 2758 849 2813 octa
859 2752 990 2818 coobpam
1083 2764 1085 2767 ·

186 2825 328 2880 Antistium
342 2827 434 2880 iurare
443 2825 595 2897 prohibuit:
614 2827 722 2898 magnis
733 2831 841 2896 patrum
852 2822 989 2888 leudibus,

187 2906 219 2954 ut
228 2899 356 2955 iuuenilis
366 2901 483 2965 animus,
495 2899 597 2955 levium
608 2916 716 2972 quoque
728 2915 819 2953 rerum
829 2898 914 2972 gloria
924 2898 990 2952 sub-

187 2973 270 3041 latus,
281 2976 394 3032 maiores
403 2976 579 3032 continuaret.
609 2973 757 3098 Secutaqup
766 2971 861 3103 benitas
872 2974 901 3028 in
910 2971 991 3026 Plau-
