2575 3734
193 482 314 553 ncnc.)
405 490 475 536 mn.
494 490 570 537 x1v.
591 492 671 538 cur.
691 494 778 541 c-r.
944 493 994 546 325

193 590 256 655 lrus,
268 605 300 645 ec
308 587 375 645 lortc
384 587 568 657 validioribus,
575 608 658 663 quem
668 600 700 647 ut
707 595 782 648 oneri
790 594 921 662 oederent,
930 614 993 669 pro-

192 670 277 719 recise
289 671 363 719 sunt.
401 664 456 718 Neo
469 662 609 721 dissolutio
625 666 729 740 navigii
741 668 916 740 sequebatur,
935 680 993 727 tur·

191 738 264 795 betis
274 736 415 805 omnibus,
430 745 456 793 et
465 738 539 810 quod
547 738 670 813 plerique
677 742 775 814 ignari,
785 744 865 799 etism
873 748 992 801 conscios

191 812 374 884 inpediebent.
407 812 503 869 Visum
512 813 610 869 dehinc
618 816 777 889 remigibus,
788 834 875 875 unum
884 822 914 875 in
923 819 993 877 letus

191 886 337 953 inoliusre,
358 894 437 959 atque
450 888 486 943 ite
500 905 596 945 navem
611 889 792 965 submergere.
831 892 883 949 Sed
905 910 994 967 neque

191 963 262 1033 ipsis
271 969 410 1034 promptus
419 962 448 1018 in
458 979 516 1017 rem
525 962 642 1021 subitam
652 982 810 1034 consensus,
822 967 917 1034 etalii,
929 985 993 1023 oon-

191 1044 232 1091 trn
241 1036 368 1103 nitentes,
382 1036 479 1095 dedere
493 1035 642 1093 facultatem
657 1037 765 1096 lenioris
774 1041 803 1097 in
813 1058 887 1097 mare
895 1043 990 1099 iectus.

192 1111 291 1167 Verum
301 1111 446 1167 Acerronio
455 1111 612 1183 inprudens,
623 1113 704 1180 dum,
714 1132 743 1169 u
750 1117 921 1186 Ayrtppt'nom
928 1134 990 1181 eree,

189 1195 269 1255 utque
281 1189 463 1243 subveniretur
475 1191 556 1241 matri
566 1191 709 1256 morinis,
723 1188 854 1257 clamitet,
868 1192 953 1246 contis
967 1198 994 1246 et

189 1261 283 1325 remis,
294 1268 405 1332 ecquae
414 1258 469 1317 iore
478 1259 617 1326 obtulerat,
624 1262 765 1319 navalibus
773 1264 833 1320 telis
841 1265 990 1321 conficitur.

189 1334 340 1408 Agrippina
353 1334 451 1401 silens,
472 1352 557 1407 eoque
571 1336 663 1391 minus
676 1338 778 1411 agnita,
798 1357 884 1395 unum
901 1350 991 1396 tumen

190 1408 294 1466 vulnus
308 1408 421 1467 humero
434 1410 547 1481 excepit.
586 1409 692 1476 Nande,
713 1411 809 1467 deinde
823 1430 938 1471 oooursu
952 1414 991 1469 le-

190 1482 382 1611 nunculorum,
393 1484 542 1541 Lucrinum
551 1483 680 1541 inlocum
690 1493 773 1549 vecte,
784 1487 863 1544 villae
871 1506 937 1545 suae
946 1491 990 1545 in·

201 1566 285 1614 ertur.

247 1636 272 1687 6.
293 1631 351 1689 Illic
360 1638 496 1703 reputans,
507 1632 566 1689 ideo
575 1650 604 1689 se
615 1632 755 1691 fallacibus
765 1633 859 1691 litteris
869 1637 988 1702 accitum,

190 1714 217 1761 et
226 1706 325 1765 bonore
333 1707 476 1779 praecipuo
484 1706 615 1765 habitem:
627 1708 755 1781 quodque
764 1708 829 1765 litus
838 1710 922 1776 iuxta,
937 1727 990 1765 nou

190 1782 278 1839 ventis
287 1788 353 1847 ecte,
365 1798 419 1841 oon
429 1782 502 1841 sexis
512 1782 619 1856 inpulsa
630 1784 723 1848 nevis,
734 1799 842 1839 summe
851 1783 895 1838 sui
904 1792 989 1856 perte,

188 1856 274 1913 veluti
289 1863 411 1913 terrestre
427 1856 687 1923 machinamentum,
707 1858 880 1914 concidisset:
899 1858 991 1915 obser-
1030 1884 1038 1893 1

188 1948 259 1987 vous
268 1931 348 1985 etiem
357 1928 513 1989 Acerroniae
523 1948 629 2001 ueoem;
645 1931 729 1989 simul
738 1949 819 1991 suum
831 1932 932 1989 vulnus
944 1932 991 1988 ad-

189 2006 324 2076 spiciunt
345 2003 431 2063 solum
441 2006 600 2063 insidiarum
610 2006 761 2065 remedium
770 2024 839 2073 esse,
850 2008 874 2062 si
884 2024 938 2065 non
947 2009 1004 2063 in-·

189 2078 385 2153 colligerentur:
400 2081 474 2137 misit
483 2080 608 2139 libertum
618 2082 781 2155 Agerinum,
796 2082 846 2154 qui
857 2083 992 2139 nuntiaret

189 2154 261 2219 filio,
278 2157 432 2224 benignitate
444 2160 519 2213 mum
532 2166 557 2213 st
569 2164 678 2229 fortune
691 2162 747 2213 sim
761 2161 873 2213 commeo
885 2175 990 2227 cracem

191 2246 296 2288 oneum:
314 2246 405 2295 orare,
419 2239 449 2285 ut
463 2236 581 2300 quemvis
591 2234 710 2299 omento
723 2235 818 2289 matris
838 2237 989 2295 exteritur,

189 2307 292 2361 munds·
309 2322 400 2361 curem
419 2309 551 2375 differret:
570 2309 621 2361 eibi
633 2311 670 2361 nd
681 2321 807 2374 prooem
819 2310 903 2377 quiete
917 2324 989 2375 optet.
1070 2330 1076 2341 ·

188 2378 279 2451 Atque
292 2379 413 2443 interim,
429 2380 569 2435 securitate
583 2379 722 2445 simulate,
736 2380 914 2438 medicamine
927 2380 990 2437 vui-

189 2453 247 2509 ueri
262 2460 288 2509 et
302 2452 417 2509 fomenta
430 2454 533 2525 corpori
542 2453 663 2511 adhibet:
683 2462 870 2513 resumentem
879 2454 990 2511 Acerro-

188 2528 249 2583 nine
264 2527 382 2599 requiri,
397 2526 520 2600 beneque
530 2528 666 2603 obsignari
676 2528 763 2587 iubete
783 2529 813 2585 id
822 2537 925 2585 tontum
935 2544 988 2583 nou

188 2619 236 2674 per
245 2601 455 2658 simulationem.

242 2677 270 2731 ’1.
291 2676 327 2733 dt
339 2676 451 2741 Neroni,
473 2677 581 2733 nuntios
590 2678 685 2749 petroli
694 2676 818 2734 iocinoris
831 2672 988 2747 opperienti.

189 2749 319 2817 ediertur,
333 2754 444 2807 maron
457 2754 510 2809 ictu
525 2754 575 2807 leci
587 2757 724 2816 tanetum,
740 2760 764 2807 ct
780 2754 905 2807 metrum
917 2753 991 2807 odito

189 2829 348 2889 discrimine,
358 2835 493 2885 manetur
501 2828 674 2885 dubitaretur.
691 2874 695 2880 ,
712 2826 782 2884 Tum
791 2842 888 2896 pavore
898 2826 991 2881 exoni-

189 2899 258 2964 mis,
273 2904 481 2970 attentamque
493 2904 584 2970 odsore
595 2901 730 2957 obtestans
748 2902 879 2957 vindictae
893 2916 990 2969 prope

189 2991 261 3038 ram,
271 2978 325 3030 eive
333 2979 443 3031 nouitio
451 2984 580 3037 moneret,
594 2978 634 3031 oel
644 2978 751 3029 militent
759 2979 922 3038 accenderet,
934 2978 990 3029 eloe
