2575 3734
314 490 363 545 est
593 494 830 543 anmantuus
975 486 1109 560 (r.n.tta.

368 598 392 650 f.
413 593 515 649 Placuit
533 591 662 659 sollertia,
681 600 800 669 tempora
817 594 897 649 etiam
912 596 982 661 iuta,
1005 596 1111 667 mando

312 668 530 742 Quinquatruum
549 666 629 723 festos
647 668 706 723 dies
727 668 800 741 apud
816 669 894 724 Baias
916 668 1107 741 frequentabat.

269 814 272 819 ,
313 742 379 800 illuc
393 751 504 801 matrem
518 741 603 809 elicit,
623 747 744 813 [amdan
760 752 899 812 perentam
917 748 1075 799 iracundior
1088 752 1109 797 et

309 823 469 891 plorandum
478 821 594 873 omnm
602 816 736 883 dictitans,
750 834 805 891 quo
812 834 949 873 rumorem
958 818 1108 873 reconcilia

312 895 392 951 tionis
402 892 528 957 efiiceret,
544 892 728 965 acciperetque
736 891 897 966 Agrippina,
912 890 985 947 facili
1000 891 1108 947 femina·

312 985 374 1026 rum
384 966 536 1023 credulitate
546 966 580 1021 ad
588 966 698 1041 gaudia.
732 966 1107 1032 Venientemdebinc,obvius

311 1045 342 1099 in
351 1044 440 1107 litora,
457 1040 529 1114 (nant
538 1040 618 1097 Antio
628 1040 794 1113 adventabat)
801 1042 901 1112 excipit
908 1056 994 1095 manu
1005 1049 1034 1096 et
1041 1058 1107 1095 oona-
1158 1065 1159 1136 q

311 1118 407 1190 plexu,
423 1114 550 1187 ducitque
562 1114 669 1172 baulos.
707 1115 738 1170 ld
753 1115 831 1170 villae
844 1131 942 1171 nomen
955 1123 1012 1181 est,
1033 1132 1105 1187 quae,
1158 1139 1159 1148 κ

311 1188 522 1263 promontorium
530 1190 666 1247 Misenum
675 1190 744 1245 intar
752 1194 778 1245 et
785 1190 916 1244 baianum
926 1189 1032 1256 lacum,
1046 1188 1107 1244 flexo

312 1265 380 1319 mari
390 1262 516 1318 adluitur.
556 1262 645 1321 Stabat
655 1264 723 1319 inter
732 1262 883 1320 oliasnaris
897 1264 1031 1329 ornatior,
1046 1272 1108 1318 tam·

311 1352 394 1412 quam
404 1337 433 1393 id
442 1354 550 1411 quoque
559 1338 654 1394 bonori
662 1340 755 1393 matris
764 1340 883 1410 daretum
899 1338 1003 1411 quippe
1017 1355 1108 1404 sareve-

312 1420 352 1468 rat
361 1412 464 1467 triremi
473 1420 499 1467 et
508 1412 706 1469 classiariorum
716 1414 829 1488 remigio
838 1412 910 1469 vebi.
949 1413 1108 1468 Actumin·

312 1488 392 1542 vitata
402 1487 436 1542 ad
446 1486 539 1559 epulas
548 1494 616 1552 erat,
631 1494 662 1541 ut
673 1486 829 1544 occultando
841 1486 953 1543 facinori
967 1502 1024 1543 nox
1038 1487 1109 1542 adb'r

277 1586 280 1591 ·
311 1562 428 1617 berotur.
449 1560 518 1617 Satis
528 1561 653 1626 constitit,
664 1562 1110 1636 exstitissapmditorem,etAgrip

311 1638 419 1709 pinam,
431 1635 530 1691 auditis
539 1634 661 1700 insidiis,
672 1650 706 1689 an
716 1636 833 1691 crederet
841 1636 1015 1710 ambiguam,
1028 1644 1111 1711 gesta-

312 1710 730 1782 minesellaeliaisspervectam.
768 1711 809 1767 lbi
823 1711 1041 1767 blandimentum
1050 1711 1111 1767 sub·

311 1785 411 1842 levavit
424 1793 539 1841 motum:
561 1784 670 1840 comiter
683 1792 791 1856 excepta
801 1802 935 1857 superque
943 1785 1042 1857 ipsum
1053 1803 1111 1842 coa·

311 1860 403 1916 locata.
443 1860 511 1913 Nam
522 1857 647 1931 pluribus
656 1860 835 1925 sermonibus,
846 1860 926 1915 modo
934 1858 1112 1917 familiaritate

310 1932 425 1990 iuuenili
434 1935 513 1999 Nero,
524 1941 550 1987 et
558 1950 653 1988 rursus
662 1933 802 1999 adductus,
811 1934 889 2005 quasi
898 1934 968 1989 seria
978 1937 1112 1991 consocia·

310 2016 360 2075 ret,
371 2016 453 2065 tracto
461 2009 491 2063 in
501 2007 611 2082 longum
621 2008 758 2074 convient,
772 2009 944 2081 prosequitur
957 2009 1110 2073 abounoem,

311 2084 395 2139 anius
405 2082 490 2140 oculis
500 2090 526 2137 et
533 2082 632 2154 pectori
642 2082 769 2148 haerens,
785 2083 843 2138 sive
855 2082 988 2154 explenda
1000 2084 1113 2141 simula-

311 2159 396 2224 tione,
407 2174 456 2213 seu
464 2157 596 2229 perituras
607 2157 700 2211 matris
708 2173 854 2229 supremus
861 2158 1005 2229 adspectus
1016 2176 1113 2231 quam

310 2232 354 2286 via
364 2230 452 2287 forum
461 2232 583 2287 animum
592 2232 730 2286 refluebat.

366 2307 393 2359 t.
414 2306 523 2361 Noctem
546 2306 681 2361 sideribus
703 2305 845 2361 inlustrem
868 2314 894 2360 et
915 2306 1022 2377 placido
1047 2310 1113 2363 mari
1158 2331 1159 2334 ¹

311 2378 527 2451 quietam,qnasi
536 2380 750 2437 convincendum
760 2380 1111 2453 adscelus,diipraebuore.

310 2452 366 2507 Nec
380 2451 497 2507 multum
511 2461 566 2508 eret
577 2470 718 2528 progressa
731 2455 824 2519 navis,
844 2455 950 2511 duobus
968 2473 984 2511 e
999 2474 1114 2513 numero

310 2526 484 2583 familiarium
499 2525 674 2600 Agrippinam
691 2530 895 2585 comitantibus:
914 2547 949 2586 ex
965 2534 1033 2603 quis
1051 2531 1115 2589 Cro·

309 2603 418 2674 porcius
438 2600 532 2658 Gallus
556 2600 629 2657 haud
651 2603 743 2675 procul
767 2604 957 2679 gubernaculis
980 2606 1111 2671 adstabat,

310 2676 551 2749 Acerronia,super
559 2676 639 2747 pedes
650 2678 792 2734 cubitantis
801 2678 919 2745 reclinis,
927 2685 1113 2747 poenitentiam

310 2754 361 2820 put
370 2757 574 2820 etractporotam
582 2756 676 2807 matria
683 2757 798 2821 protum
806 2770 854 2825 per
864 2754 996 2828 gaudium
1010 2772 1113 2811 memo

310 2823 399 2879 rabat:
410 2842 483 2891 cum,
495 2826 554 2881 dato
562 2826 649 2899 signo,
660 2843 738 2881 ruere
746 2834 844 2883 murm
855 2828 914 2894 loci,
926 2828 1013 2885 multo
1020 2829 1113 2901 plum·

310 2898 346 2953 bo
354 2912 450 2971 greum
465 2914 629 2971 pressusque
638 2899 796 2973 Crepereius
804 2910 831 2957 et
840 2904 931 2958 statim
942 2905 1114 2961 exanimatus

311 2980 366 3028 est:
399 2971 546 3045 Agrippina
555 2980 581 3027 et
590 2973 732 3030 Acerronia
742 2976 923 3033 eminentibus
933 2976 994 3034 lecti
1002 2980 1116 3052 pariati-
