2575 3734
290 498 339 551 39l
566 498 801 545 Annaeum
948 489 1090 562 (eumn.

289 601 379 659 Tradit
397 600 496 657 Fabius
510 598 644 661 Rusticus,
664 614 718 653 uon
731 613 772 663 eo,
793 614 847 669 quo
859 605 977 662 venerat,
990 598 1092 654 itinere

289 677 413 741 reditum,
425 676 473 731 sed
481 673 588 729 llexisse
595 672 630 729 ed
638 672 753 727 Fenium
762 669 935 742 praelectum,
944 679 971 727 et
979 674 1093 743 exposi-

289 754 324 807 tis
342 750 462 807 Caesaris
480 749 574 813 iussis,
595 764 631 803 en
644 746 844 817 obtemperaret,
864 746 1089 819 interrogavisse:

290 826 475 897 monitumque
491 823 526 879 ab
544 839 584 887 eo,
604 829 635 877 ut
652 827 854 892 exsequeretur;
875 819 948 875 letali
962 822 1091 877 omnium

289 900 405 974 ignavia.
438 899 507 953 Nam
517 904 542 953 et
551 894 677 952 Silvanus
688 896 758 951 inter
767 896 914 951 coniuratos
924 903 991 962 erat,
1006 913 1091 970 auge-

289 975 388 1047 batque
397 972 504 1039 scelera,
515 971 544 1027 iu
554 987 671 1043 quorum
680 967 808 1026 ultionem
816 979 997 1028 consenserat.
1025 970 1090 1027 Vcci

289 1056 378 1105 emen
387 1057 414 1103 et
421 1046 555 1119 adspectui
566 1045 692 1117 pepercit,
708 1045 905 1117 intromisitque
912 1044 948 1099 ad
956 1043 1090 1101 Senecam

291 1140 376 1179 nuum
390 1138 406 1177 e
419 1118 628 1185 centurionibus,
640 1119 691 1192 qui
704 1119 885 1175 emensitatem
898 1118 1028 1175 ultimam
1043 1120 1090 1175 de-

264 1232 270 1237 ·
289 1198 431 1253 nuntiaret.
936 1211 939 1220 ·

344 1274 386 1327 62.
406 1268 453 1324 llle
462 1268 598 1327 interritus
606 1268 692 1341 poscit
700 1269 848 1323 testememi
858 1266 978 1324 tabulas:
991 1286 1036 1335 ac,
1043 1268 1090 1325 de-

290 1353 400 1419 negante
410 1344 571 1409 centurione,
577 1360 721 1399 conversus
731 1342 766 1397 ad
774 1343 994 1415 amiccs,quando
1002 1345 1091 1399 meri-

289 1420 332 1475 tis.
342 1434 433 1473 eorum
451 1416 548 1473 referre
565 1418 678 1492 gratim
696 1418 889 1489 prohiberetur,
904 1417 980 1489 quod
998 1436 1089 1474 uuum

289 1494 344 1549 iam
354 1501 379 1549 et
387 1492 598 1567 pulcherrimum
608 1492 731 1557 habebnt,
739 1490 959 1566 imaginemvitae
969 1510 1038 1548 suae
1047 1511 1091 1549 re-

290 1567 420 1640 linquere,
435 1574 558 1624 testatur:
578 1567 657 1623 cuiue
670 1568 694 1621 si
704 1583 835 1623 memores
844 1573 942 1629 essent,
952 1566 1089 1623 bonarum

290 1645 388 1699 mcum
401 1642 509 1708 lumem,
523 1650 581 1698 tum
597 1642 741 1697 constantis
749 1642 880 1697 amicitiae
893 1640 1004 1697 laturos.
1046 1642 1089 1698 si-

290 1718 348 1774 mul
358 1718 480 1773 lacrimas
490 1733 591 1783 eorum,
602 1716 681 1772 modo
689 1733 820 1782 sermone,
827 1716 905 1773 modo
913 1716 1089 1783 intentior,in

290 1793 401 1862 modum
414 1792 566 1857 coercentis,
583 1791 617 1846 ed
625 1790 818 1846 firmitudinem
827 1797 940 1857 revocat,
950 1792 1087 1866 rogitans:

289 1870 479 1937 cbtproecepto
487 1864 648 1935 sapientiae?
659 1869 705 1921 ubi
713 1869 1033 1935 totperconoeoeeditote
1042 1885 1088 1923 ro-

290 1939 652 2021 tr‘oodoereugoiominectin?
673 1940 722 1996 Oui
730 1944 797 1995 erum
806 1945 927 2009 buccam
937 1945 1088 2010 tremesce-

288 2022 380 2073 oitinm
398 2014 528 2072 Nerones?
546 2016 634 2085 Neque
653 2018 727 2070 aliun
743 2031 882 2083 superesse,
898 2023 959 2083 post
977 2024 1088 2072 matrem

288 2096 447 2161 fratremque
455 2095 609 2161 interfectos,
616 2108 694 2160 quem
702 2097 732 2144 ut
740 2094 887 2145 educatoris
892 2096 1087 2161 praeceptoris-

289 2182 339 2235 pue
348 2176 434 2219 necem
441 2170 573 2221 adiiceret.
622 2168 623 2171 ’
1075 2202 1082 2215 ·

344 2241 386 2293 63.
406 2238 458 2294 Ubi
477 2239 542 2294 hacc
560 2247 639 2312 atque
656 2237 718 2293 talia
735 2237 765 2293 in
783 2254 925 2293 commune
946 2237 1084 2305 dissum,

290 2311 472 2385 complectitur
483 2330 603 2379 uxorem,
614 2321 649 2379 et,
660 2311 812 2385 paullulum
821 2310 949 2369 adversus
957 2329 1087 2385 praesen·

289 2396 343 2443 tem
361 2387 540 2457 fortitudinem
555 2388 685 2454 mollitus,
704 2395 779 2461 rogat
790 2394 910 2460 oratque,
930 2396 1086 2456 temperaret

289 2466 381 2528 dolori,
401 2478 448 2517 ttec
464 2471 596 2518 catomum
611 2466 760 2532 conciperet,
774 2466 820 2518 eod
831 2466 861 2517 in
872 2465 1085 2531 contemplatione

288 2544 357 2595 ottae
364 2540 541 2607 pereirtutem
551 2539 790 2611 comedendo-icen
797 2539 1085 2593 moritieolotiieltorre-

289 2617 337 2667 etia
346 2616 474 2668 toleraret.
510 2610 559 2666 llla
568 2618 659 2667 contra
667 2610 721 2667 sihi
729 2627 837 2684 quoqne
845 2608 1004 2667 destinatam
1013 2628 1086 2668 mor·

289 2694 343 2741 tem
352 2686 497 2752 adseveret,
508 2702 673 2759 manumque
682 2686 846 2757 percussoris
854 2685 983 2758 exposcit.
1015 2687 1083 2741 Tum

289 2759 397 2824 Senem,
426 2759 1083 2828 loriaeeiusuonndvcrsus,eimulemore,nesihi

289 2833 369 2889 unice
402 2834 503 2889 ‘cctam
516 2836 551 2891 ad
564 2835 678 2891 iniuriae
692 2834 865 2908 relinqueret:
889 2841 967 2905 ottae,
982 2837 1082 2909 iuquit,

289 2909 457 2961 delenimmc
469 2918 672 2963 mcmtronercm
686 2912 741 2972 tibi,
762 2918 791 2963 to
803 2914 894 2964 mortis
904 2914 983 2965 morte
990 2914 1082 2969 cuncte

290 2977 349 3035 Noc
357 2982 474 3036 monebo
483 2985 606 3049 eomrplo.
641 2981 684 3037 sn
690 2986 769 3038 bubo
778 2992 831 3038 tom
838 2987 916 3053 {ortis
925 2989 1013 3041 scitos
1023 3002 1083 3043 con-
