2575 3734
293 485 344 543 aaa
572 485 810 536 aurearum
957 475 1096 550 (nn-ras.

293 583 1099 740 attilltctitiittttttitt’tttttt
1168 617 1169 638 ¹

293 741 449 812 Feruntque
467 741 502 795 ab
519 737 633 794 Romulo
651 739 776 793 Dentrem
794 734 961 802 Romulium,
984 744 1046 806 post
1064 735 1099 790 ab

293 813 492 871 Tullolioatilio
510 812 629 870 Numam
637 812 779 878 Marcium,
798 818 824 866 et
837 811 871 866 ab
885 810 1034 882 Tarquinio
1046 809 1101 864 Su·

293 890 375 962 perbo
388 889 519 962 Spurium
532 887 689 943 Lucretium
707 886 847 958 inpositas.
886 886 953 939 Dein
973 885 1099 940 consules

294 964 469 1021 mandabant:
490 963 622 1036 duratque
635 960 822 1026 simulacrum,
838 960 962 1032 quotiens
972 959 1007 1015 ob
1018 958 1099 1014 ferias

294 1040 401 1095 Latinas
422 1037 590 1110 praeficitur,
614 1039 665 1110 qui
690 1034 829 1092 consulare
851 1051 953 1090 munus
972 1045 1097 1106 usurpet.
1168 1053 1169 1066 ¹

293 1114 418 1170 Ceterum
432 1111 572 1186 Augustus
584 1111 663 1167 hellis
680 1110 807 1168 civilibus
822 1109 942 1166 Cilnium
959 1109 1101 1166 Maecena·

295 1197 357 1252 tem,
369 1185 624 1260 equestriscrdinie,
638 1185 742 1242 cunctis
751 1185 824 1257 apud
833 1185 945 1240 Romam
955 1191 1036 1258 etque
1046 1185 1100 1240 lta·
1168 1225 1169 1256 ,

294 1263 359 1318 liam
373 1262 535 1333 praeposuit.
573 1261 645 1326 lllox,
661 1277 752 1316 rerum
764 1260 874 1332 potitus,
887 1259 1101 1334 obmagnitudi-
1168 1321 1169 1338 χ

294 1353 356 1393 nem
370 1335 474 1408 populi,
490 1353 521 1391 aa
534 1335 608 1391 tarda
622 1333 714 1410 legum
726 1333 836 1400 auxilia,
848 1334 965 1406 sumpsit
974 1351 989 1390 e
998 1351 1100 1390 consu-
1168 1339 1169 1406 j

293 1411 406 1477 laribus,
421 1411 471 1483 qul
482 1417 612 1467 coerceret
624 1411 733 1467 servitia
748 1416 774 1464 et
783 1409 857 1480 quod
869 1410 972 1466 civium
987 1409 1100 1465 audacia

197 1521 203 1524 -
293 1484 694 1552 turbidumnieivimmetuat.
727 1483 1101 1556 PrimusqueltloesallaCor-
1168 1483 1169 1488 ’

293 1563 376 1618 vinus
385 1577 444 1615 eam
453 1566 618 1632 potestatem,
629 1566 656 1613 et
664 1575 764 1630 paucos
773 1559 843 1614 iutra
852 1558 910 1614 dies
920 1558 1012 1626 linem,
1023 1575 1101 1615 acce-

293 1637 343 1707 pit,
359 1635 439 1708 quasi
452 1634 560 1690 neamus
575 1632 725 1689 exercendi.
765 1633 836 1689 Tum
850 1634 955 1689 'laurus
964 1633 1098 1702 Statilius,

294 1727 462 1784 quamquam
480 1714 714 1783 provectaaetete,
738 1707 844 1782 egregie
861 1706 991 1767 toleravit.
1030 1710 1100 1764 Dein

294 1787 366 1852 Piso,
380 1786 478 1860 viginti
490 1803 539 1857 per
551 1801 636 1840 annos
645 1783 745 1856 pariter
753 1784 891 1856 probatus,
901 1783 1010 1857 publico
1019 1783 1100 1840 iune-

294 1879 333 1928 re,
344 1861 491 1917 exdecreto
500 1867 619 1925 senatus,
630 1858 779 1914 celebratus
788 1865 838 1917 est.
1168 1875 1169 1878 ¹

351 1939 393 1993 tt.
413 1934 536 1990 Relatum
548 1934 611 1991 inde
624 1933 659 1990 ad
671 1941 787 2008 petreae
800 1932 975 2002 Quintiliano,
989 1933 1101 1991 tribuno

295 2010 393 2083 plebei,
408 2008 443 2064 de
455 2008 524 2066 libro
536 2008 664 2084 Sibyllae,
678 2025 761 2084 quem
771 2008 901 2065 Caninius
910 2008 1005 2065 Gallus
1015 2011 1102 2082 quin·

295 2084 474 2140 decimvirum
484 2085 567 2156 recipi
576 2086 645 2140 inter
655 2091 756 2140 ceteros
767 2083 889 2140 eiusdem
898 2084 977 2150 vatis,
990 2090 1015 2139 et
1026 2101 1058 2140 ea
1067 2083 1102 2140 de

295 2159 606 2225 resonetusacnsultum‚
621 2158 814 2231 postulaverat:
835 2159 1102 2232 quoperdiscessio-

296 2251 358 2290 nem
371 2232 448 2299 lactc,
463 2234 539 2289 misit
552 2233 653 2290 litteras
666 2233 772 2300 Caesar,
788 2233 892 2290 modice
904 2235 1046 2290 tribunum
1057 2236 1103 2290 in-

295 2325 418 2380 crepans,
439 2312 561 2377 iqaaeum
578 2313 683 2378 antiqui
700 2312 782 2366 mmai
795 2312 826 2364 ab
842 2314 981 2365 iuceutum.
1021 2309 1102 2366 Gallo

295 2382 484 2454 exprobrabat,
501 2387 571 2453 quod
587 2388 713 2439 amentiae
730 2389 998 2456 caerimoniarumque
1015 2394 1099 2450 cetae,

294 2463 395 2513 incerto
404 2466 519 2521 auctare,
529 2467 591 2513 aute
599 2463 753 2514 senteutiam
763 2462 873 2531 cellapii,
884 2477 944 2526 uon,
955 2462 1101 2525 utadsoiet,

294 2539 361 2589 lecto
372 2549 422 2602 per
433 2533 572 2602 maqistrae
584 2537 770 2603 aestimatoque
783 2539 911 2601 camnine,
930 2537 1002 2604 apud
1015 2538 1103 2606 infre-

295 2617 413 2677 quentem
421 2616 539 2664 amatum
547 2611 649 2676 epictet.
688 2606 776 2663 Simul
790 2609 1004 2666 commonefecit:
1036 2614 1102 2680 quia

294 2685 380 2738 muita
394 2699 465 2738 caua
476 2684 639 2737 sulcamina
656 2685 751 2738 cetetrt
768 2687 958 2754 culpabantur,
977 2689 1102 2740 sauciam
1168 2747 1169 2750 Ἴ

295 2755 447 2826 eliquatum,
462 2774 538 2828 quem
549 2761 623 2812 iutra
635 2761 704 2812 diem
716 2761 753 2812 ad
758 2769 906 2829 praetorem
915 2761 1045 2815 urbanum
1055 2763 1103 2814 de-
1168 2787 1169 2792 κ

296 2835 436 2899 terrentur,
450 2849 531 2901 neque
543 2834 636 2889 labae
647 2836 773 2902 priuatim
789 2837 885 2889 liceret.
924 2832 1002 2900 Quod
1015 2851 1031 2889 a
1042 2851 1102 2889 ma-

296 2905 400 2962 ioribus
419 2923 529 2978 quoque
547 2905 683 2962 decretum
702 2915 766 2975 arat,
787 2916 848 2980 post
865 2903 1102 2966 exustum‘scciali

298 2979 367 3037 bello
387 2979 559 3053 Capitolium,
572 2981 703 3054 quaesitis
716 2981 805 3046 Samo,
824 2983 882 3049 llio,
898 2983 1035 3052 Erythris,
1052 3001 1101 3048 per
