2575 3734
322 484 370 537 366
602 485 837 535 anmantuus
981 479 1017 554 (ι.
1028 498 1057 538 ιι.
1071 492 1118 537 ιιι.

320 590 404 645 obniti
419 588 547 653 adversis,
563 587 611 643 sed
625 595 719 643 cuncta
731 586 843 643 militiae
853 588 947 644 munia
956 588 1116 654 deseruerat,

320 661 1116 733 misslsiterumadCorbulonemprecibus,centretprcpare,

319 743 397 808 nnnc
415 746 440 792 et
458 742 564 808 aquilos
578 746 602 793 et
615 754 706 792 noman
717 740 847 806 retianum
860 742 974 808 infelicia
987 744 1116 793 exercitur

321 822 450 867 tueretur:
468 830 496 868 ιι
504 817 579 883 fidam
588 817 701 876 intna'm
715 816 795 866 donec
804 816 860 866 cito
868 817 1023 882 suppeditet
1034 824 1117 868 reten-

321 897 401 942 tatros.

376 966 418 1018 ta.
438 960 509 1015 Ille
500 960 647 1027 interritus,
663 967 689 1015 et
701 969 775 1032 parte
783 960 920 1049 caprarum
930 960 1004 1032 apud
1013 960 1160 1036 Syriam

320 1036 420 1100 relicta,
435 1043 473 1096 ut
480 1036 645 1090 munimenta
658 1031 809 1105 Euphrati
801 1036 915 1107 inposita
924 1036 1114 1094 rennerentur
1159 1049 1160 1084 t

319 1128 374 1183 qua
384 1125 536 1182 proximum
547 1116 573 1163 et
582 1110 773 1165 commeatibus
782 1125 835 1165 non
845 1126 971 1183 egenum
983 1112 1117 1184 regionem
1159 1117 1160 1194 l

320 1184 536 1273 Commagenam,
552 1184 616 1239 exin
629 1184 832 1273 Cappadociam,
846 1184 909 1239 inde
920 1183 1160 1257 Armeniospe-

319 1260 389 1314 tivit.
403 1257 602 1315 Comitabantur
611 1260 767 1323 exercitum
778 1265 881 1331 praeter
889 1259 941 1313 aba
951 1267 1029 1314 sueta
1039 1261 1115 1325 bello,

320 1348 416 1405 magna
430 1332 474 1387 vis
486 1332 658 1400 camelorum,
673 1341 769 1389 onusta
782 1332 918 1398 frumenti.
931 1340 964 1388 ut
975 1334 1062 1389 simul
1071 1336 1115 1390 bo·

319 1414 386 1461 atem
401 1406 552 1480 famemque
569 1408 718 1482 depelleret
758 1408 879 1462 Primum
893 1425 908 1462 e
921 1409 1057 1479 perculsis
1070 1411 1116 1463 Pa-

319 1484 412 1547 ctium,
433 1484 564 1554 primipili
582 1485 778 1548 centurionem,
799 1483 911 1538 obvium
930 1483 1035 1550 habuit,
1056 1484 1115 1539 dein

319 1556 460 1629 plerosque
473 1558 605 1613 militnm:
630 1575 708 1630 quos,
725 1558 845 1612 diversas
860 1556 938 1631 fugae
950 1574 1062 1613 caussas
1071 1560 1116 1615 ob-

319 1631 464 1691 tendentes.
480 1630 566 1687 redire
579 1632 644 1688 ad'
622 1649 698 1706 signa
709 1641 735 1686 et
743 1632 910 1687 clementiam
918 1633 991 1687 Paeti
1001 1635 1114 1705 experiri

319 1708 454 1765 monebat:
466 1724 504 1761 se
506 1724 558 1761 msa
551 1707 732 1763 victoribus
724 1708 846 1761 inmitem
856 1723 925 1762 esse
955 1706 1043 1762 Simul
1053 1726 1116 1763 suas

319 1782 435 1857 legiones
445 1780 526 1846 adne
538 1782 651 1837 hortari
639 1798 777 1853 priorum
787 1782 936 1847 admonere
952 1798 1078 1838 novam‘r
1056 1783 1117 1856 glo-

317 1856 546 1913 riamostendere:
567 1861 859 1925 noncicosoctcppldo
869 1858 1056 1921 Armeniorum,
1071 1863 1117 1912 aad

319 1942 408 1988 costra
421 1934 546 1996 Ilonaonn,
560 1935 700 2001 duosqua'
689 1948 718 1985 m
732 1936 767 1986 iia
776 1934 887 1999 aplanes
892 1937 1006 1999 pretium
1019 1935 1116 1987 laboris

316 2014 377 2076 peti.
415 2007 447 2063 St
455 2009 565 2077 stapulas
574 2010 781 2075 manipularibus
786 2011 932 2075 praecipuo
944 2012 1117 2062 carnotanam

319 2098 414 2137 corono
433 2086 602 2151 imperatoria
620 2098 700 2136 ιιιιιιιιι
717 2083 888 2135 tribueretur:
919 2084 988 2150 qnod
1005 2084 1077 2136 illud
1094 2090 1116 2135 et

318 2165 443 2226 qnantum
452 2161 537 2221 decus,
548 2160 594 2211 nbi
599 2174 653 2225 pur
661 2172 749 2210 eorum
757 2172 880 2210 numerata
889 2162 1062 2224 apisceretur,
1074 2174 1115 2226 qut

317 2234 471 2286 adtulissent
484 2234 601 2295 salntem,
617 2239 641 2285 ct
655 2236 701 2301 qni
712 2228 889 2298 accepissant?
907 2230 956 2284 His
965 2240 1047 2302 atque
1057 2232 1115 2287 tali-

319 2305 370 2359 bus
384 2305 414 2359 in
427 2322 569 2361 commune
582 2304 691 2369 alacres,
706 2304 741 2377 (et
754 2312 837 2369 erant,
852 2321 921 2376 quos
932 2304 1056 2377 pericula
1065 2306 1115 2361 fra-

318 2389 390 2435 trum
404 2387 449 2434 aut
458 2380 670 2451 propinquorum
680 2380 795 2451 propriis
809 2378 927 2434 stimulis
936 2379 1115 2453 incenderent)

317 2454 532 2511 continuum-diu
542 2462 675 2527 noctuque
684 2456 733 2509 iter
742 2454 926 2526 properabant.
1159 2461 1160 2464 ’

372 2534 413 2586 43.
434 2530 527 2601 quue
540 2530 668 2583 intentius
681 2527 822 2602 Vologeses
840 2544 961 2599 premere
979 2528 1113 2595 obsessos,

317 2606 395 2663 modo
403 2604 506 2660 vallum
520 2602 667 2677 legionum,
682 2602 761 2659 modo
775 2602 924 2668 castellum,
939 2620 995 2675 qno
1007 2605 1115 2660 inbellis

317 2688 387 2735 aetas
397 2679 584 2735 defendebatur
588 2678 764 2751 ,adpugnare
770 2678 1017 2749 proptosincedens
1021 2698 1114 2752 ,qnam

317 2770 375 2809 mos
385 2755 500 2820 Parthis,
516 2754 539 2808 si
550 2770 580 2808 ea
590 2755 735 2807 temeritate
743 2752 864 2807 hostem
855 2769 887 2807 ιιι
895 2752 1027 2824 praelium
1038 2754 1114 2809 elice-

318 2836 365 2882 ret
405 2827 867 2884 Αιίιιίιίιοοιιιιιιιιιιιὶἰιιιιιιιοιίι
887 2827 1113 2902 nocaliudqnam

318 2903 483 2957 munimenta
501 2901 718 2975 propugnabant:
746 2918 810 2973 pars
829 2902 907 2957 iussu
925 2901 1013 2968 ducis,
1030 2903 1113 2958 etalii

316 2978 423 3049 propria
437 2978 553 3050 ignavia,
569 2984 600 3032 ut
609 2975 785 3033 Corbulonem
799 2978 974 3049 opperientes,
985 2993 1027 3045 ac,
1039 2996 1064 3033 ιι
1074 2995 1113 3033 ns
