<?xml version="1.0" encoding="UTF-8"?>
<!DOCTYPE html PUBLIC "-//W3C//DTD XHTML 1.0 Transitional//EN"
    "http://www.w3.org/TR/xhtml1/DTD/xhtml1-transitional.dtd">
<html xmlns="http://www.w3.org/1999/xhtml" xml:lang="en" lang="en">
 <head>
  <title>
</title>
<meta http-equiv="Content-Type" content="text/html;charset=utf-8" />
  <meta name='ocr-system' content='tesseract 3.04.00' />
  <meta name='ocr-capabilities' content='ocr_page ocr_carea ocr_par ocr_line ocrx_word'/>
</head>
<body>
  <div class='ocr_page' id='page_1' title='image "./operaquoadextan02tacigoog_0141.png"; bbox 0 0 2575 3734; ppageno 0'>
   <div class='ocr_carea' id='block_1_1' title="bbox 173 551 976 626">
    <p class='ocr_par' dir='ltr' id='par_1_1' title="bbox 173 551 976 626">
     <span class='ocr_line' id='line_1_1' title="bbox 173 551 976 626; baseline 0.007 -18"><span class='ocrx_word' id='word_1_1' title='bbox 173 551 296 626; x_wconf 51' lang='lat' dir='ltr'><strong>acea)</strong></span> <span class='ocrx_word' id='word_1_2' title='bbox 372 559 635 608; x_wconf 70' lang='lat' dir='ltr'><strong>arsimone.</strong></span> <span class='ocrx_word' id='word_1_3' title='bbox 658 563 777 611; x_wconf 80' lang='lat' dir='ltr'><strong>se-oo.</strong></span> <span class='ocrx_word' id='word_1_4' title='bbox 927 563 976 615; x_wconf 77' lang='grc'><strong>433</strong></span> 
     </span>
    </p>
   </div>
   <div class='ocr_carea' id='block_1_2' title="bbox 172 663 987 2840">
    <p class='ocr_par' dir='ltr' id='par_1_2' title="bbox 172 663 987 2084">
     <span class='ocr_line' id='line_1_2' title="bbox 172 663 987 734; baseline 0.004 -16"><span class='ocrx_word' id='word_1_5' title='bbox 172 681 221 718; x_wconf 87' lang='lat' dir='ltr'><strong>ooo</strong></span> <span class='ocrx_word' id='word_1_6' title='bbox 238 663 422 725; x_wconf 77' lang='lat' dir='ltr'><strong>aemulationi,</strong></span> <span class='ocrx_word' id='word_1_7' title='bbox 442 679 496 716; x_wconf 83' lang='lat' dir='ltr'><strong>ooo</strong></span> <span class='ocrx_word' id='word_1_8' title='bbox 511 667 578 727; x_wconf 86' lang='lat' dir='ltr'><strong>odio,</strong></span> <span class='ocrx_word' id='word_1_9' title='bbox 597 673 645 718; x_wconf 85' lang='lat' dir='ltr'><strong>out</strong></span> <span class='ocrx_word' id='word_1_10' title='bbox 658 667 774 732; x_wconf 82' lang='lat' dir='ltr'><strong>privatis</strong></span> <span class='ocrx_word' id='word_1_11' title='bbox 790 668 987 734; x_wconf 79' lang='lat' dir='ltr'><strong>adsertionibus·</strong></span> 
     </span>
     <span class='ocr_line' id='line_1_3' title="bbox 222 809 977 888; baseline 0.001 -20"><span class='ocrx_word' id='word_1_12' title='bbox 222 815 266 868; x_wconf 78' lang='lat'><strong>59.</strong></span> <span class='ocrx_word' id='word_1_13' title='bbox 289 809 431 868; x_wconf 80' lang='lat' dir='ltr'><strong>Adversus</strong></span> <span class='ocrx_word' id='word_1_14' title='bbox 449 829 519 885; x_wconf 92' lang='lat' dir='ltr'><strong>quae</strong></span> <span class='ocrx_word' id='word_1_15' title='bbox 536 829 600 868; x_wconf 86' lang='lat' dir='ltr'><strong>cum</strong></span> <span class='ocrx_word' id='word_1_16' title='bbox 617 830 705 888; x_wconf 85' lang='lat' dir='ltr'><strong>augur</strong></span> <span class='ocrx_word' id='word_1_17' title='bbox 718 811 854 869; x_wconf 81' lang='lat' dir='ltr'><strong>‘Lentulus</strong></span> <span class='ocrx_word' id='word_1_18' title='bbox 876 813 977 886; x_wconf 86' lang='lat' dir='ltr'><strong>aliique</strong></span> 
     </span>
     <span class='ocr_line' id='line_1_4' title="bbox 172 886 975 960; baseline 0.001 -17"><span class='ocrx_word' id='word_1_19' title='bbox 172 888 242 943; x_wconf 83' lang='lat' dir='ltr'><strong>varie</strong></span> <span class='ocrx_word' id='word_1_20' title='bbox 256 886 432 954; x_wconf 83' lang='lat' dir='ltr'><strong>dissererent,</strong></span> <span class='ocrx_word' id='word_1_21' title='bbox 449 903 480 944; x_wconf 85' lang='lat' dir='ltr'><strong>eo</strong></span> <span class='ocrx_word' id='word_1_22' title='bbox 493 887 638 944; x_wconf 86' lang='lat' dir='ltr'><strong>decursum</strong></span> <span class='ocrx_word' id='word_1_23' title='bbox 648 895 701 958; x_wconf 80' lang='lat' dir='ltr'><strong>est,</strong></span> <span class='ocrx_word' id='word_1_24' title='bbox 715 898 746 943; x_wconf 89' lang='lat' dir='ltr'><strong>ut</strong></span> <span class='ocrx_word' id='word_1_25' title='bbox 754 888 888 960; x_wconf 87' lang='lat' dir='ltr'><strong>pontificis</strong></span> <span class='ocrx_word' id='word_1_26' title='bbox 902 907 975 944; x_wconf 86' lang='lat' dir='ltr'><strong>max.</strong></span> 
     </span>
     <span class='ocr_line' id='line_1_5' title="bbox 173 961 977 1034; baseline 0.001 -16"><span class='ocrx_word' id='word_1_27' title='bbox 173 964 332 1018; x_wconf 86' lang='lat' dir='ltr'><strong>sententiam</strong></span> <span class='ocrx_word' id='word_1_28' title='bbox 347 961 546 1034; x_wconf 85' lang='lat' dir='ltr'><strong>opperirentur.</strong></span> <span class='ocrx_word' id='word_1_29' title='bbox 584 963 719 1029; x_wconf 85' lang='lat' dir='ltr'><strong>Tiberius,</strong></span> <span class='ocrx_word' id='word_1_30' title='bbox 735 962 815 1019; x_wconf 86' lang='lat' dir='ltr'><strong>dilata</strong></span> <span class='ocrx_word' id='word_1_31' title='bbox 828 965 935 1020; x_wconf 88' lang='lat' dir='ltr'><strong>notione</strong></span> <span class='ocrx_word' id='word_1_32' title='bbox 944 963 977 1019; x_wconf 89' lang='lat' dir='ltr'><strong>de</strong></span> 
     </span>
     <span class='ocr_line' id='line_1_6' title="bbox 173 1037 976 1112; baseline 0.001 -19"><span class='ocrx_word' id='word_1_33' title='bbox 173 1040 228 1093; x_wconf 89' lang='lat' dir='ltr'><strong>iure</strong></span> <span class='ocrx_word' id='word_1_34' title='bbox 235 1037 370 1103; x_wconf 82' lang='lat' dir='ltr'><strong>flaminis,</strong></span> <span class='ocrx_word' id='word_1_35' title='bbox 381 1037 499 1093; x_wconf 76' lang='lat' dir='ltr'><strong>dorsetae</strong></span> <span class='ocrx_word' id='word_1_36' title='bbox 508 1039 543 1094; x_wconf 95' lang='lat' dir='ltr'><strong>ob</strong></span> <span class='ocrx_word' id='word_1_37' title='bbox 550 1038 722 1094; x_wconf 78' lang='lat' dir='ltr'><strong>tribuniciam</strong></span> <span class='ocrx_word' id='word_1_38' title='bbox 732 1039 811 1094; x_wconf 86' lang='lat' dir='ltr'><strong>Drusi</strong></span> <span class='ocrx_word' id='word_1_39' title='bbox 819 1047 976 1112; x_wconf 88' lang='lat' dir='ltr'><strong>potestatem</strong></span> 
     </span>
     <span class='ocr_line' id='line_1_7' title="bbox 174 1113 976 1187; baseline 0.002 -19"><span class='ocrx_word' id='word_1_40' title='bbox 174 1113 351 1168; x_wconf 84' lang='lat' dir='ltr'><strong>caerimonias</strong></span> <span class='ocrx_word' id='word_1_41' title='bbox 364 1114 537 1185; x_wconf 80' lang='lat' dir='ltr'><strong>temperavit3</strong></span> <span class='ocrx_word' id='word_1_42' title='bbox 557 1113 716 1169; x_wconf 91' lang='lat' dir='ltr'><strong>nominatim</strong></span> <span class='ocrx_word' id='word_1_43' title='bbox 730 1130 845 1187; x_wconf 80' lang='lat' dir='ltr'><strong>argrrens</strong></span> <span class='ocrx_word' id='word_1_44' title='bbox 858 1114 976 1171; x_wconf 89' lang='lat' dir='ltr'><strong>insolen-</strong></span> 
     </span>
     <span class='ocr_line' id='line_1_8' title="bbox 174 1188 976 1262; baseline 0.005 -20"><span class='ocrx_word' id='word_1_45' title='bbox 174 1190 233 1243; x_wconf 83' lang='lat' dir='ltr'><strong>tiam</strong></span> <span class='ocrx_word' id='word_1_46' title='bbox 245 1189 407 1254; x_wconf 81' lang='lat' dir='ltr'><strong>sententiae,</strong></span> <span class='ocrx_word' id='word_1_47' title='bbox 418 1205 568 1260; x_wconf 86' lang='lat' dir='ltr'><strong>aureasque</strong></span> <span class='ocrx_word' id='word_1_48' title='bbox 582 1188 682 1243; x_wconf 79' lang='lat' dir='ltr'><strong>litteras</strong></span> <span class='ocrx_word' id='word_1_49' title='bbox 691 1195 780 1244; x_wconf 88' lang='lat' dir='ltr'><strong>contra</strong></span> <span class='ocrx_word' id='word_1_50' title='bbox 788 1191 906 1262; x_wconf 90' lang='lat' dir='ltr'><strong>patrium</strong></span> <span class='ocrx_word' id='word_1_51' title='bbox 917 1207 976 1246; x_wconf 90' lang='lat' dir='ltr'><strong>mo-</strong></span> 
     </span>
     <span class='ocr_line' id='line_1_9' title="bbox 173 1262 976 1336; baseline 0.004 -18"><span class='ocrx_word' id='word_1_52' title='bbox 173 1281 236 1318; x_wconf 86' lang='lat' dir='ltr'><strong>rem.</strong></span> <span class='ocrx_word' id='word_1_53' title='bbox 277 1263 414 1317; x_wconf 84' lang='lat' dir='ltr'><strong>Recitatae</strong></span> <span class='ocrx_word' id='word_1_54' title='bbox 423 1270 449 1318; x_wconf 86' lang='lat' dir='ltr'><strong>et</strong></span> <span class='ocrx_word' id='word_1_55' title='bbox 461 1263 542 1318; x_wconf 84' lang='lat' dir='ltr'><strong>Drusi</strong></span> <span class='ocrx_word' id='word_1_56' title='bbox 552 1262 687 1334; x_wconf 87' lang='lat' dir='ltr'><strong>epistolae,</strong></span> <span class='ocrx_word' id='word_1_57' title='bbox 699 1281 864 1336; x_wconf 84' lang='lat' dir='ltr'><strong>quamquam</strong></span> <span class='ocrx_word' id='word_1_58' title='bbox 874 1264 909 1320; x_wconf 88' lang='lat' dir='ltr'><strong>ed</strong></span> <span class='ocrx_word' id='word_1_59' title='bbox 917 1283 976 1321; x_wconf 92' lang='lat' dir='ltr'><strong>mo-</strong></span> 
     </span>
     <span class='ocr_line' id='line_1_10' title="bbox 174 1335 976 1411; baseline 0.001 -17"><span class='ocrx_word' id='word_1_60' title='bbox 174 1338 285 1394; x_wconf 78' lang='lat' dir='ltr'><strong>destiam</strong></span> <span class='ocrx_word' id='word_1_61' title='bbox 306 1335 402 1403; x_wconf 78' lang='lat' dir='ltr'><strong>flexae,</strong></span> <span class='ocrx_word' id='word_1_62' title='bbox 422 1354 471 1409; x_wconf 92' lang='lat' dir='ltr'><strong>pro</strong></span> <span class='ocrx_word' id='word_1_63' title='bbox 490 1338 694 1410; x_wconf 84' lang='lat' dir='ltr'><strong>superbissimis</strong></span> <span class='ocrx_word' id='word_1_64' title='bbox 713 1339 893 1411; x_wconf 87' lang='lat' dir='ltr'><strong>accipiuntur:</strong></span> <span class='ocrx_word' id='word_1_65' title='bbox 916 1341 976 1396; x_wconf 82' lang='lat' dir='ltr'><strong>Huc</strong></span> 
     </span>
     <span class='ocr_line' id='line_1_11' title="bbox 173 1417 976 1483; baseline 0.002 -15"><span class='ocrx_word' id='word_1_66' title='bbox 173 1418 298 1469; x_wconf 80' lang='lat' dir='ltr'><strong>decidisse</strong></span> <span class='ocrx_word' id='word_1_67' title='bbox 308 1421 413 1476; x_wconf 76' lang='lat' dir='ltr'><strong>comem,</strong></span> <span class='ocrx_word' id='word_1_68' title='bbox 423 1420 454 1466; x_wconf 82' lang='lat' dir='ltr'><strong>ut</strong></span> <span class='ocrx_word' id='word_1_69' title='bbox 465 1430 498 1467; x_wconf 83' lang='lat' dir='ltr'><strong>oe</strong></span> <span class='ocrx_word' id='word_1_70' title='bbox 506 1417 607 1468; x_wconf 75' lang='lat' dir='ltr'><strong>iumois</strong></span> <span class='ocrx_word' id='word_1_71' title='bbox 619 1417 730 1483; x_wconf 75' lang='lat' dir='ltr'><strong>quidmst,</strong></span> <span class='ocrx_word' id='word_1_72' title='bbox 742 1423 813 1468; x_wconf 85' lang='lat' dir='ltr'><strong>tanto</strong></span> <span class='ocrx_word' id='word_1_73' title='bbox 824 1417 919 1470; x_wconf 80' lang='lat' dir='ltr'><strong>bonore</strong></span> <span class='ocrx_word' id='word_1_74' title='bbox 928 1433 976 1470; x_wconf 87' lang='lat' dir='ltr'><strong>cc-</strong></span> 
     </span>
     <span class='ocr_line' id='line_1_12' title="bbox 173 1489 976 1558; baseline 0.004 -15"><span class='ocrx_word' id='word_1_75' title='bbox 173 1498 249 1558; x_wconf 77' lang='lat' dir='ltr'><strong>repto,</strong></span> <span class='ocrx_word' id='word_1_76' title='bbox 264 1489 440 1542; x_wconf 80' lang='lat' dir='ltr'><strong>odireturbis</strong></span> <span class='ocrx_word' id='word_1_77' title='bbox 448 1491 517 1552; x_wconf 81' lang='lat' dir='ltr'><strong>deos,</strong></span> <span class='ocrx_word' id='word_1_78' title='bbox 532 1491 844 1558; x_wconf 76' lang='lat' dir='ltr'><strong>iopredereturrenotom,</strong></span> <span class='ocrx_word' id='word_1_79' title='bbox 856 1496 976 1558; x_wconf 83' lang='lat' dir='ltr'><strong>auspicia</strong></span> 
     </span>
     <span class='ocr_line' id='line_1_13' title="bbox 172 1561 974 1633; baseline 0.001 -14"><span class='ocrx_word' id='word_1_80' title='bbox 172 1567 261 1619; x_wconf 73' lang='lat' dir='ltr'><strong>seiten</strong></span> <span class='ocrx_word' id='word_1_81' title='bbox 279 1564 378 1632; x_wconf 65' lang='lat' dir='ltr'><strong>perutile</strong></span> <span class='ocrx_word' id='word_1_82' title='bbox 395 1566 466 1631; x_wconf 82' lang='lat' dir='ltr'><strong>apud</strong></span> <span class='ocrx_word' id='word_1_83' title='bbox 482 1565 567 1618; x_wconf 82' lang='lat' dir='ltr'><strong>sotum</strong></span> <span class='ocrx_word' id='word_1_84' title='bbox 580 1561 725 1633; x_wconf 71' lang='lat' dir='ltr'><strong>inciperet?</strong></span> <span class='ocrx_word' id='word_1_85' title='bbox 752 1565 853 1618; x_wconf 83' lang='lat' dir='ltr'><strong>Rettom</strong></span> <span class='ocrx_word' id='word_1_86' title='bbox 866 1569 974 1629; x_wconf 83' lang='lat' dir='ltr'><strong>scilieet,</strong></span> 
     </span>
     <span class='ocr_line' id='line_1_14' title="bbox 172 1637 976 1708; baseline 0.001 -15"><span class='ocrx_word' id='word_1_87' title='bbox 172 1648 214 1694; x_wconf 75' lang='lat' dir='ltr'><strong>ortt</strong></span> <span class='ocrx_word' id='word_1_88' title='bbox 222 1643 333 1694; x_wconf 78' lang='lat' dir='ltr'><strong>diverso</strong></span> <span class='ocrx_word' id='word_1_89' title='bbox 346 1645 477 1692; x_wconf 70' lang='lat' dir='ltr'><strong>terarum</strong></span> <span class='ocrx_word' id='word_1_90' title='bbox 486 1641 614 1705; x_wconf 72' lang='lat' dir='ltr'><strong>dietmari,</strong></span> <span class='ocrx_word' id='word_1_91' title='bbox 625 1642 705 1694; x_wconf 84' lang='lat' dir='ltr'><strong>iitorc</strong></span> <span class='ocrx_word' id='word_1_92' title='bbox 714 1647 738 1693; x_wconf 83' lang='lat' dir='ltr'><strong>et</strong></span> <span class='ocrx_word' id='word_1_93' title='bbox 747 1641 821 1695; x_wconf 82' lang='lat' dir='ltr'><strong>toros</strong></span> <span class='ocrx_word' id='word_1_94' title='bbox 835 1637 976 1708; x_wconf 79' lang='lat' dir='ltr'><strong>Componi-</strong></span> 
     </span>
     <span class='ocr_line' id='line_1_15' title="bbox 172 1713 975 1785; baseline -0.001 -16"><span class='ocrx_word' id='word_1_95' title='bbox 172 1733 200 1769; x_wconf 75' lang='grc' dir='ltr'><strong>ιω</strong></span> <span class='ocrx_word' id='word_1_96' title='bbox 214 1731 275 1769; x_wconf 80' lang='lat' dir='ltr'><strong>cum</strong></span> <span class='ocrx_word' id='word_1_97' title='bbox 287 1719 406 1769; x_wconf 73' lang='lat' dir='ltr'><strong>marimo</strong></span> <span class='ocrx_word' id='word_1_98' title='bbox 413 1722 606 1782; x_wconf 74' lang='lat' dir='ltr'><strong>perapraoten.</strong></span> <span class='ocrx_word' id='word_1_99' title='bbox 644 1713 691 1770; x_wconf 89' lang='lat' dir='ltr'><strong>Sic</strong></span> <span class='ocrx_word' id='word_1_100' title='bbox 703 1717 783 1768; x_wconf 81' lang='lat' dir='ltr'><strong>imbui</strong></span> <span class='ocrx_word' id='word_1_101' title='bbox 794 1715 919 1768; x_wconf 74' lang='lat' dir='ltr'><strong>tectorem</strong></span> <span class='ocrx_word' id='word_1_102' title='bbox 930 1733 975 1785; x_wconf 77' lang='lat' dir='ltr'><strong>pe-</strong></span> 
     </span>
     <span class='ocr_line' id='line_1_16' title="bbox 172 1790 974 1858; baseline 0 -13"><span class='ocrx_word' id='word_1_103' title='bbox 172 1795 240 1845; x_wconf 80' lang='lat' dir='ltr'><strong>noris</strong></span> <span class='ocrx_word' id='word_1_104' title='bbox 260 1792 387 1845; x_wconf 75' lang='lat' dir='ltr'><strong>temoni:</strong></span> <span class='ocrx_word' id='word_1_105' title='bbox 406 1792 435 1842; x_wconf 90' lang='lat' dir='ltr'><strong>id</strong></span> <span class='ocrx_word' id='word_1_106' title='bbox 450 1793 567 1857; x_wconf 73' lang='lat' dir='ltr'><strong>primum</strong></span> <span class='ocrx_word' id='word_1_107' title='bbox 580 1807 594 1842; x_wconf 85' lang='lat' dir='ltr'><strong>e</strong></span> <span class='ocrx_word' id='word_1_108' title='bbox 605 1791 726 1858; x_wconf 78' lang='lat' dir='ltr'><strong>paternis</strong></span> <span class='ocrx_word' id='word_1_109' title='bbox 739 1790 855 1844; x_wconf 68' lang='lat' dir='ltr'><strong>oondiiie</strong></span> <span class='ocrx_word' id='word_1_110' title='bbox 869 1792 974 1846; x_wconf 82' lang='lat' dir='ltr'><strong>discere.</strong></span> 
     </span>
     <span class='ocr_line' id='line_1_17' title="bbox 174 1864 976 1934; baseline -0.001 -15"><span class='ocrx_word' id='word_1_111' title='bbox 174 1864 412 1934; x_wconf 72' lang='lat' dir='ltr'><strong>Somproodretur</strong></span> <span class='ocrx_word' id='word_1_112' title='bbox 419 1866 569 1932; x_wconf 76' lang='lat' dir='ltr'><strong>adspectum</strong></span> <span class='ocrx_word' id='word_1_113' title='bbox 578 1868 674 1918; x_wconf 83' lang='lat' dir='ltr'><strong>civium</strong></span> <span class='ocrx_word' id='word_1_114' title='bbox 681 1879 760 1918; x_wconf 80' lang='lat' dir='ltr'><strong>amem</strong></span> <span class='ocrx_word' id='word_1_115' title='bbox 768 1868 918 1932; x_wconf 82' lang='lat' dir='ltr'><strong>imperator,</strong></span> <span class='ocrx_word' id='word_1_116' title='bbox 924 1870 976 1934; x_wconf 72' lang='lat' dir='ltr'><strong>ses·</strong></span> 
     </span>
     <span class='ocr_line' id='line_1_18' title="bbox 172 1939 976 2010; baseline -0.002 -16"><span class='ocrx_word' id='word_1_117' title='bbox 172 1957 276 2010; x_wconf 73' lang='lat' dir='ltr'><strong>mmpce</strong></span> <span class='ocrx_word' id='word_1_118' title='bbox 296 1943 410 1994; x_wconf 85' lang='lat' dir='ltr'><strong>detotem</strong></span> <span class='ocrx_word' id='word_1_119' title='bbox 428 1946 540 1994; x_wconf 78' lang='lat' dir='ltr'><strong>eiectos</strong></span> <span class='ocrx_word' id='word_1_120' title='bbox 561 1941 663 1994; x_wconf 81' lang='lat' dir='ltr'><strong>taboret</strong></span> <span class='ocrx_word' id='word_1_121' title='bbox 672 1941 866 2007; x_wconf 76' lang='lat' dir='ltr'><strong>praetenderet:</strong></span> <span class='ocrx_word' id='word_1_122' title='bbox 889 1939 976 1994; x_wconf 83' lang='lat' dir='ltr'><strong>Druso</strong></span> 
     </span>
     <span class='ocr_line' id='line_1_19' title="bbox 173 2004 882 2084; baseline 0.004 -15"><span class='ocrx_word' id='word_1_123' title='bbox 173 2018 315 2084; x_wconf 76' lang='lat' dir='ltr'><strong>quodnisi</strong></span> <span class='ocrx_word' id='word_1_124' title='bbox 327 2031 363 2068; x_wconf 79' lang='lat' dir='ltr'><strong>em</strong></span> <span class='ocrx_word' id='word_1_125' title='bbox 373 2017 540 2083; x_wconf 77' lang='lat' dir='ltr'><strong>odropootio,</strong></span> <span class='ocrx_word' id='word_1_126' title='bbox 555 2004 781 2083; x_wconf 67' lang='lat' dir='ltr'><strong>impedimentum?</strong></span> <span class='ocrx_word' id='word_1_127' title='bbox 879 2017 882 2028; x_wconf 87' lang='grc'><em>“</em></span> 
     </span>
    </p>

    <p class='ocr_par' dir='ltr' id='par_1_3' title="bbox 173 2087 977 2840">
     <span class='ocr_line' id='line_1_20' title="bbox 224 2087 973 2161; baseline -0.003 -17"><span class='ocrx_word' id='word_1_128' title='bbox 224 2092 268 2144; x_wconf 85' lang='grc'><strong>60.</strong></span> <span class='ocrx_word' id='word_1_129' title='bbox 291 2087 347 2143; x_wconf 88' lang='lat' dir='ltr'><strong>Sed</strong></span> <span class='ocrx_word' id='word_1_130' title='bbox 365 2088 500 2156; x_wconf 85' lang='lat' dir='ltr'><strong>Tiberius,</strong></span> <span class='ocrx_word' id='word_1_131' title='bbox 519 2089 578 2145; x_wconf 83' lang='lat' dir='ltr'><strong>rim</strong></span> <span class='ocrx_word' id='word_1_132' title='bbox 595 2089 762 2161; x_wconf 81' lang='lat' dir='ltr'><strong>principatus</strong></span> <span class='ocrx_word' id='word_1_133' title='bbox 781 2087 834 2143; x_wconf 92' lang='lat' dir='ltr'><strong>sibi</strong></span> <span class='ocrx_word' id='word_1_134' title='bbox 852 2087 973 2154; x_wconf 84' lang='lat' dir='ltr'><strong>firmans,</strong></span> 
     </span>
     <span class='ocr_line' id='line_1_21' title="bbox 173 2163 976 2239; baseline 0.001 -21"><span class='ocrx_word' id='word_1_135' title='bbox 173 2163 322 2239; x_wconf 73' lang='lat' dir='ltr'><strong>imaginem</strong></span> <span class='ocrx_word' id='word_1_136' title='bbox 332 2164 498 2236; x_wconf 85' lang='lat' dir='ltr'><strong>antiquitatis</strong></span> <span class='ocrx_word' id='word_1_137' title='bbox 507 2165 612 2220; x_wconf 86' lang='lat' dir='ltr'><strong>senatui</strong></span> <span class='ocrx_word' id='word_1_138' title='bbox 620 2163 976 2236; x_wconf 75' lang='lat' dir='ltr'><strong>praebebatpostuletapro-</strong></span> 
     </span>
     <span class='ocr_line' id='line_1_22' title="bbox 174 2237 976 2318; baseline -0.002 -23"><span class='ocrx_word' id='word_1_139' title='bbox 174 2242 326 2296; x_wconf 88' lang='lat' dir='ltr'><strong>vinciarum</strong></span> <span class='ocrx_word' id='word_1_140' title='bbox 342 2239 377 2294; x_wconf 89' lang='lat' dir='ltr'><strong>ad</strong></span> <span class='ocrx_word' id='word_1_141' title='bbox 391 2239 606 2312; x_wconf 84' lang='lat' dir='ltr'><strong>disquisitionem</strong></span> <span class='ocrx_word' id='word_1_142' title='bbox 618 2247 726 2312; x_wconf 69' lang='lat' dir='ltr'><strong>panum</strong></span> <span class='ocrx_word' id='word_1_143' title='bbox 735 2239 871 2318; x_wconf 68' lang='lat' dir='ltr'><strong>mittendo.</strong></span> <span class='ocrx_word' id='word_1_144' title='bbox 913 2237 976 2294; x_wconf 88' lang='lat' dir='ltr'><strong>Cre·</strong></span> 
     </span>
     <span class='ocr_line' id='line_1_23' title="bbox 173 2313 976 2388; baseline -0.001 -18"><span class='ocrx_word' id='word_1_145' title='bbox 173 2315 312 2372; x_wconf 86' lang='lat' dir='ltr'><strong>brescebat</strong></span> <span class='ocrx_word' id='word_1_146' title='bbox 322 2315 396 2370; x_wconf 91' lang='lat' dir='ltr'><strong>enim</strong></span> <span class='ocrx_word' id='word_1_147' title='bbox 409 2314 523 2370; x_wconf 87' lang='lat' dir='ltr'><strong>Graecas</strong></span> <span class='ocrx_word' id='word_1_148' title='bbox 532 2331 581 2387; x_wconf 89' lang='lat' dir='ltr'><strong>per</strong></span> <span class='ocrx_word' id='word_1_149' title='bbox 590 2314 672 2370; x_wconf 90' lang='lat' dir='ltr'><strong>urbes</strong></span> <span class='ocrx_word' id='word_1_150' title='bbox 681 2315 786 2370; x_wconf 90' lang='lat' dir='ltr'><strong>licentia</strong></span> <span class='ocrx_word' id='word_1_151' title='bbox 796 2323 875 2388; x_wconf 84' lang='lat' dir='ltr'><strong>atque</strong></span> <span class='ocrx_word' id='word_1_152' title='bbox 884 2313 976 2387; x_wconf 88' lang='lat' dir='ltr'><strong>impu-</strong></span> 
     </span>
     <span class='ocr_line' id='line_1_24' title="bbox 173 2387 976 2466; baseline -0.002 -19"><span class='ocrx_word' id='word_1_153' title='bbox 173 2394 241 2447; x_wconf 87' lang='lat' dir='ltr'><strong>nitas</strong></span> <span class='ocrx_word' id='word_1_154' title='bbox 264 2387 343 2466; x_wconf 81' lang='lat' dir='ltr'><strong>asyla</strong></span> <span class='ocrx_word' id='word_1_155' title='bbox 359 2390 515 2446; x_wconf 71' lang='lat' dir='ltr'><strong>vstatuendi:</strong></span> <span class='ocrx_word' id='word_1_156' title='bbox 545 2389 746 2463; x_wconf 84' lang='lat' dir='ltr'><strong>complebantur</strong></span> <span class='ocrx_word' id='word_1_157' title='bbox 767 2389 866 2462; x_wconf 85' lang='lat' dir='ltr'><strong>temple</strong></span> <span class='ocrx_word' id='word_1_158' title='bbox 888 2392 976 2462; x_wconf 88' lang='lat' dir='ltr'><strong>pessi-</strong></span> 
     </span>
     <span class='ocr_line' id='line_1_25' title="bbox 173 2463 976 2533; baseline -0.004 -10"><span class='ocrx_word' id='word_1_159' title='bbox 173 2468 223 2522; x_wconf 89' lang='lat' dir='ltr'><strong>mis</strong></span> <span class='ocrx_word' id='word_1_160' title='bbox 248 2466 441 2533; x_wconf 70' lang='lat' dir='ltr'><strong>servitiorum</strong></span> <span class='ocrx_word' id='word_1_161' title='bbox 476 2464 568 2520; x_wconf 79' lang='lat' dir='ltr'><strong>eodem</strong></span> <span class='ocrx_word' id='word_1_162' title='bbox 597 2465 720 2520; x_wconf 87' lang='lat' dir='ltr'><strong>subsidio</strong></span> <span class='ocrx_word' id='word_1_163' title='bbox 742 2465 858 2521; x_wconf 88' lang='lat' dir='ltr'><strong>obaerati</strong></span> <span class='ocrx_word' id='word_1_164' title='bbox 882 2463 976 2520; x_wconf 84' lang='lat' dir='ltr'><strong>adver-</strong></span> 
     </span>
     <span class='ocr_line' id='line_1_26' title="bbox 174 2539 976 2614; baseline -0.005 -18"><span class='ocrx_word' id='word_1_165' title='bbox 174 2559 232 2596; x_wconf 91' lang='lat' dir='ltr'><strong>sum</strong></span> <span class='ocrx_word' id='word_1_166' title='bbox 247 2541 408 2606; x_wconf 87' lang='lat' dir='ltr'><strong>creditores,</strong></span> <span class='ocrx_word' id='word_1_167' title='bbox 422 2542 593 2614; x_wconf 83' lang='lat' dir='ltr'><strong>suspectique</strong></span> <span class='ocrx_word' id='word_1_168' title='bbox 606 2540 759 2612; x_wconf 85' lang='lat' dir='ltr'><strong>capitalium</strong></span> <span class='ocrx_word' id='word_1_169' title='bbox 775 2539 920 2597; x_wconf 79' lang='lat' dir='ltr'><strong>eriminum</strong></span> <span class='ocrx_word' id='word_1_170' title='bbox 933 2556 976 2593; x_wconf 89' lang='lat' dir='ltr'><strong>re·</strong></span> 
     </span>
     <span class='ocr_line' id='line_1_27' title="bbox 174 2615 977 2688; baseline -0.004 -16"><span class='ocrx_word' id='word_1_171' title='bbox 174 2617 358 2688; x_wconf 84' lang='lat' dir='ltr'><strong>captabantur.</strong></span> <span class='ocrx_word' id='word_1_172' title='bbox 397 2615 453 2670; x_wconf 86' lang='lat' dir='ltr'><strong>Nee</strong></span> <span class='ocrx_word' id='word_1_173' title='bbox 463 2615 553 2671; x_wconf 89' lang='lat' dir='ltr'><strong>ullum</strong></span> <span class='ocrx_word' id='word_1_174' title='bbox 560 2616 625 2671; x_wconf 88' lang='lat' dir='ltr'><strong>satis</strong></span> <span class='ocrx_word' id='word_1_175' title='bbox 634 2615 755 2674; x_wconf 87' lang='lat' dir='ltr'><strong>validum</strong></span> <span class='ocrx_word' id='word_1_176' title='bbox 765 2615 911 2688; x_wconf 90' lang='lat' dir='ltr'><strong>imperium</strong></span> <span class='ocrx_word' id='word_1_177' title='bbox 922 2625 977 2669; x_wconf 82' lang='lat' dir='ltr'><strong>eret</strong></span> 
     </span>
     <span class='ocr_line' id='line_1_28' title="bbox 173 2687 977 2764; baseline -0.004 -17"><span class='ocrx_word' id='word_1_178' title='bbox 173 2687 328 2747; x_wconf 87' lang='lat' dir='ltr'><strong>coercendis</strong></span> <span class='ocrx_word' id='word_1_179' title='bbox 343 2689 519 2745; x_wconf 87' lang='lat' dir='ltr'><strong>seditionibus</strong></span> <span class='ocrx_word' id='word_1_180' title='bbox 533 2691 642 2763; x_wconf 78' lang='lat' dir='ltr'><strong>populi,</strong></span> <span class='ocrx_word' id='word_1_181' title='bbox 663 2691 762 2764; x_wconf 80' lang='lat' dir='ltr'><strong>flagitia</strong></span> <span class='ocrx_word' id='word_1_182' title='bbox 776 2690 928 2755; x_wconf 81' lang='lat' dir='ltr'><strong>hominum,</strong></span> <span class='ocrx_word' id='word_1_183' title='bbox 947 2697 977 2744; x_wconf 90' lang='lat' dir='ltr'><strong>ut</strong></span> 
     </span>
     <span class='ocr_line' id='line_1_29' title="bbox 174 2763 977 2840; baseline -0.001 -19"><span class='ocrx_word' id='word_1_184' title='bbox 174 2767 351 2822; x_wconf 75' lang='lat' dir='ltr'><strong>caerimonias</strong></span> <span class='ocrx_word' id='word_1_185' title='bbox 370 2764 461 2832; x_wconf 85' lang='lat' dir='ltr'><strong>deum,</strong></span> <span class='ocrx_word' id='word_1_186' title='bbox 481 2767 651 2840; x_wconf 85' lang='lat' dir='ltr'><strong>protegentis.</strong></span> <span class='ocrx_word' id='word_1_187' title='bbox 691 2767 776 2840; x_wconf 79' lang='lat' dir='ltr'><strong>igitur</strong></span> <span class='ocrx_word' id='word_1_188' title='bbox 795 2763 934 2836; x_wconf 86' lang='lat' dir='ltr'><strong>placitum,</strong></span> <span class='ocrx_word' id='word_1_189' title='bbox 946 2773 977 2820; x_wconf 91' lang='lat' dir='ltr'><strong>ut</strong></span> 
     </span>
    </p>
   </div>
   <div class='ocr_carea' id='block_1_3' title="bbox 174 2839 977 3138">
    <p class='ocr_par' dir='ltr' id='par_1_4' title="bbox 174 2839 977 3138">
     <span class='ocr_line' id='line_1_30' title="bbox 174 2839 974 2916; baseline -0.004 -20"><span class='ocrx_word' id='word_1_190' title='bbox 174 2844 309 2897; x_wconf 83' lang='lat' dir='ltr'><strong>mitterent</strong></span> <span class='ocrx_word' id='word_1_191' title='bbox 330 2841 449 2896; x_wconf 84' lang='lat' dir='ltr'><strong>civitates</strong></span> <span class='ocrx_word' id='word_1_192' title='bbox 468 2841 528 2895; x_wconf 86' lang='lat' dir='ltr'><strong>iura</strong></span> <span class='ocrx_word' id='word_1_193' title='bbox 542 2849 623 2914; x_wconf 84' lang='lat' dir='ltr'><strong>atque</strong></span> <span class='ocrx_word' id='word_1_194' title='bbox 636 2842 745 2916; x_wconf 77' lang='lat' dir='ltr'><strong>legatos.</strong></span> <span class='ocrx_word' id='word_1_195' title='bbox 784 2839 818 2894; x_wconf 89' lang='lat' dir='ltr'><strong>Et</strong></span> <span class='ocrx_word' id='word_1_196' title='bbox 832 2839 974 2912; x_wconf 84' lang='lat' dir='ltr'><strong>quaedam,</strong></span> 
     </span>
     <span class='ocr_line' id='line_1_31' title="bbox 175 2913 977 2989; baseline -0.005 -19"><span class='ocrx_word' id='word_1_197' title='bbox 175 2917 246 2988; x_wconf 90' lang='lat' dir='ltr'><strong>quod</strong></span> <span class='ocrx_word' id='word_1_198' title='bbox 258 2915 328 2970; x_wconf 83' lang='lat' dir='ltr'><strong>falso</strong></span> <span class='ocrx_word' id='word_1_199' title='bbox 342 2925 546 2988; x_wconf 83' lang='lat' dir='ltr'><strong>usurpaverant,</strong></span> <span class='ocrx_word' id='word_1_200' title='bbox 561 2924 655 2989; x_wconf 88' lang='lat' dir='ltr'><strong>sponte</strong></span> <span class='ocrx_word' id='word_1_201' title='bbox 670 2917 797 2972; x_wconf 83' lang='lat' dir='ltr'><strong>omisere:</strong></span> <span class='ocrx_word' id='word_1_202' title='bbox 819 2913 919 2968; x_wconf 87' lang='lat' dir='ltr'><strong>multae</strong></span> <span class='ocrx_word' id='word_1_203' title='bbox 930 2929 977 2968; x_wconf 82' lang='lat' dir='ltr'><strong>ve-</strong></span> 
     </span>
     <span class='ocr_line' id='line_1_32' title="bbox 175 2985 977 3062; baseline -0.012 -16"><span class='ocrx_word' id='word_1_204' title='bbox 175 2994 254 3046; x_wconf 86' lang='lat' dir='ltr'><strong>tustis</strong></span> <span class='ocrx_word' id='word_1_205' title='bbox 267 2990 504 3062; x_wconf 87' lang='lat' dir='ltr'><strong>superstitionibus</strong></span> <span class='ocrx_word' id='word_1_206' title='bbox 519 2998 566 3046; x_wconf 89' lang='lat' dir='ltr'><strong>aut</strong></span> <span class='ocrx_word' id='word_1_207' title='bbox 579 2993 682 3044; x_wconf 89' lang='lat' dir='ltr'><strong>meritis</strong></span> <span class='ocrx_word' id='word_1_208' title='bbox 695 2991 724 3044; x_wconf 90' lang='lat' dir='ltr'><strong>in</strong></span> <span class='ocrx_word' id='word_1_209' title='bbox 739 2986 869 3058; x_wconf 88' lang='lat' dir='ltr'><strong>populum</strong></span> <span class='ocrx_word' id='word_1_210' title='bbox 880 2985 977 3039; x_wconf 82' lang='lat' dir='ltr'><strong>Roma-</strong></span> 
     </span>
     <span class='ocr_line' id='line_1_33' title="bbox 177 3055 977 3138; baseline -0.018 -18"><span class='ocrx_word' id='word_1_211' title='bbox 177 3084 241 3122; x_wconf 93' lang='lat' dir='ltr'><strong>num</strong></span> <span class='ocrx_word' id='word_1_212' title='bbox 257 3063 389 3120; x_wconf 71' lang='lat' dir='ltr'><strong>fidebant</strong></span> <span class='ocrx_word' id='word_1_213' title='bbox 423 3066 575 3138; x_wconf 80' lang='lat' dir='ltr'><strong>Magnaque</strong></span> <span class='ocrx_word' id='word_1_214' title='bbox 588 3065 648 3119; x_wconf 89' lang='lat' dir='ltr'><strong>eius</strong></span> <span class='ocrx_word' id='word_1_215' title='bbox 663 3064 716 3117; x_wconf 84' lang='lat' dir='ltr'><strong>diei</strong></span> <span class='ocrx_word' id='word_1_216' title='bbox 731 3059 833 3129; x_wconf 85' lang='lat' dir='ltr'><strong>species</strong></span> <span class='ocrx_word' id='word_1_217' title='bbox 847 3055 906 3120; x_wconf 90' lang='lat' dir='ltr'><strong>iuit,</strong></span> <span class='ocrx_word' id='word_1_218' title='bbox 923 3071 977 3126; x_wconf 89' lang='lat' dir='ltr'><strong>quo</strong></span> 
     </span>
    </p>
   </div>
   <div class='ocr_carea' id='block_1_4' title="bbox 0 0 1295 3734">
    <p class='ocr_par' dir='ltr' id='par_1_5' title="bbox 0 0 1295 3734">
     <span class='ocr_line' id='line_1_34' title="bbox 0 0 1295 3734; baseline 0 0"><span class='ocrx_word' id='word_1_219' title='bbox 0 0 1295 3734; x_wconf 95' lang='lat' dir='ltr'><strong> </strong></span> 
     </span>
    </p>
   </div>
  </div>
 </body>
</html>
