2575 3734
286 504 335 558 268
564 507 802 554 ANNALIUH
945 500 1086 573 (ΜΒΝ.

252 587 260 602 ⁴
285 608 413 673 cohortes,
430 607 598 664 exstruendis
614 607 686 680 apud
700 607 802 663 Siluras
814 607 956 679 praesidiis
968 604 1085 673 relictas,
1170 632 1171 641 κ

285 681 513 738 circumfundunt.
549 682 600 747 Ἀο,
617 684 646 736 ni
663 683 714 738 oito
727 682 820 738 avinis
835 689 861 736 et
869 681 985 736 castellis
993 683 1091 752 proxi-

284 759 337 812 mis
350 757 513 812 subventum
530 755 603 822 torst,
618 757 712 828 copiae
721 764 780 811 tum
794 757 930 812 occidione
942 756 1090 810 occubuis-

284 839 352 886 sent.
392 831 541 888 Praefectus
555 839 643 886 umen
658 838 684 886 et
694 839 751 887 octo
764 831 941 896 centuriones,
953 846 1090 902 roprom-

283 907 425 979 ptissim'us
443 907 561 978 quisque
579 903 756 977 manipularis
769 905 896 960 cecidere.
936 905 992 958 Nec
1000 904 1090 960 multo
1170 926 1171 931 ¹

283 989 343 1052 post
357 979 509 1052 pabulantis
520 987 627 1046 nostros
641 981 794 1052 missasque
811 979 846 1034 ad
858 978 1013 1034 subsidium
1030 984 1092 1034 tui·
1170 1016 1171 1039 .

284 1053 499 1128 masproiligant.

339 1133 381 1183 39.
402 1129 472 1182 Tum
482 1128 605 1183 Ostorius
612 1127 731 1183 cohortes
741 1128 876 1199 expeditus
886 1129 1025 1198 opposuit:
1039 1145 1092 1183 nec

283 1204 342 1258 ideo
358 1201 450 1276 fugant
464 1203 582 1268 sistebat,
597 1205 625 1258 ni
639 1202 756 1275 legiones
766 1203 897 1274 proelium
907 1203 1087 1273 excepissent.

283 1278 383 1331 Earum
400 1277 493 1332 rubore
508 1285 618 1350 aequata
631 1293 733 1350 pugna,
753 1277 815 1332 dein
831 1276 966 1348 nobispra
975 1276 1091 1332 meliore

284 1350 343 1406 init.
382 1349 505 1425 Effugere
524 1351 623 1418 hostes,
645 1353 720 1406 tenid
733 1351 841 1417 damno,
861 1353 926 1423 quia
939 1349 1090 1406 inclinabat

284 1425 350 1478 dies.
391 1423 488 1480 Crebra
498 1426 561 1481 hinc
570 1424 680 1498 proelia,
692 1433 718 1480 et
727 1427 835 1498 saepius
845 1426 874 1480 in
883 1425 994 1482 modum
1004 1424 1090 1481 latre-

284 1499 348 1554 einii
358 1507 406 1571 per'
416 1500 509 1566 saltus,
520 1501 567 1572 per
576 1500 698 1572 paludes,
710 1509 741 1555 ut
749 1502 849 1572 cuique
857 1517 916 1556 sors
925 1507 971 1556 aut
979 1501 1086 1569 virtus3

284 1582 390 1640 temore,
406 1577 526 1647 preciso:
548 1575 584 1630 ob
595 1576 674 1641 iram,
689 1576 725 1631 ob
737 1575 878 1647 praedam:
900 1575 986 1641 iussu,
998 1582 1024 1629 et
1035 1574 1088 1630 ali·

283 1649 390 1721 quando
403 1651 505 1724 ignaris
519 1650 643 1705 ducibus.
683 1647 723 1706 Aa
735 1650 878 1722 praecipua
892 1649 1013 1705 Silurum
1022 1664 1089 1722 per-

283 1724 1084 1799 vioacia‚quosaccendebatvulgataimperatorrsliomxcx:

282 1808 312 1853 ut
326 1805 455 1870 quorrdom
468 1799 608 1870 Supocdrs'
620 1805 706 1856 eccui
717 1809 764 1855 out
777 1805 806 1855 to
819 1801 922 1856 Gallius
932 1804 1038 1855 traiecti
1044 1805 1087 1870 se-

282 1881 348 1938 rent.
360 1874 967 1944 ttaSilurumaomsopenitcsecstr'apuendum.
998 1874 1087 1947 Igitur

283 1946 350 2002 duas
364 1948 508 2004 auxiliares
523 1948 652 2014 cobortes,
665 1949 775 2005 avaritia
788 1949 979 2021 praefectorum
988 1950 1087 2004 incau-

283 2022 336 2076 tius
355 2023 527 2094 populantes,
548 2025 719 2096 intercepere.
758 2023 902 2096 Spoliaqne
920 2031 946 2095 et
964 2024 1085 2094 captivos

282 2093 427 2169 largiendo,
445 2107 543 2154 ceteras
553 2115 662 2172 quoque
674 2099 792 2154 natones
805 2099 839 2154 ad
848 2098 1020 2154 deiectionem
1029 2105 1087 2152 tra-

284 2169 395 2226 hebant:
416 2188 489 2238 eum,
505 2174 589 2229 taedio
599 2191 724 2229 curarum
734 2171 833 2240 iessus,
844 2172 965 2229 Ostorius
974 2186 1086 2227 conces-

282 2245 318 2299 sit
331 2245 400 2314 vitm
421 2245 496 2302 laetis
509 2247 641 2314 hostibus,
659 2256 795 2321 tamquam
808 2249 904 2304 ducem
918 2246 991 2302 haud
1007 2259 1087 2319 sper·

282 2318 412 2386 nendum,
432 2322 481 2376 etsi
501 2339 554 2378 non
564 2324 706 2394 proelium,
721 2331 747 2378 at
760 2331 830 2378 oerte
841 2322 953 2386 bellurn,
971 2321 1086 2377 absum·

300 2394 388 2448 sisset.
826 2428 829 2432 μ

282 2410 299 2465 p
338 2471 379 2524 lo.
400 2467 435 2524 ait
449 2468 554 2535 Caesar,
576 2472 680 2544 cogmta
693 2479 778 2527 morta
792 2471 880 2546 legati,
901 2472 1085 2542 neprorincia

281 2545 340 2598 siue
354 2549 453 2600 rectore
467 2542 541 2608 toret,
557 2542 590 2599 Α,
605 2545 714 2600 Didium
727 2545 840 2601 staffecit.
880 2547 1025 2617 laproper‘e
1035 2562 1086 2600 re-

282 2626 350 2684 ctus,
366 2637 420 2675 non
434 2626 522 2674 tamen
537 2619 654 2692 integras
669 2635 712 2674 res
726 2620 838 2686 invenit,
853 2619 963 2676 adversa
973 2621 1084 2676 interim

283 2691 394 2766 legionis
404 2695 555 2767 pugna‚cui
566 2693 786 2749 ManliusValens
795 2701 922 2766 praeerat.
943 2693 1085 2766 ductaque

282 2773 307 2820 et
315 2767 485 2838 apud-hostes
495 2768 554 2823 eius
563 2768 602 2823 rei
612 2767 692 2834 lama,
703 2785 760 2840 quo
768 2770 919 2827 venientem
928 2768 1025 2824 ducein
1034 2783 1085 2824 ex-

282 2849 417 2908 terrerent,
429 2849 508 2914 atque
517 2841 564 2898 ille
573 2850 687 2916 augente
696 2842 795 2909 audita,
805 2851 835 2899 ut
844 2845 929 2912 maior
938 2843 998 2898 laus
1008 2842 1085 2899 doni-

282 2917 385 2988 positis‚
400 2915 452 2981 vel,
473 2917 497 2972 si
511 2917 690 2983 mansissent,
711 2918 791 2973 venia
804 2919 899 2973 iustior
909 2917 1082 2974 tribueretur.

281 2989 420 3046 Siluresid
430 3009 537 3066 quoque
547 2993 677 3048 murnum
687 2991 844 3062 intuleraut3
862 2993 967 3066 lateque
975 2993 1085 3065 persul-
