2575 3734
296 501 347 558 294
577 451 817 553 auusnruu
960 492 1097 568 (ausu.
1166 484 1168 543 l

353 609 394 662 to.
407 605 541 662 Turbatus
549 603 593 662 his
603 605 682 672 Nem,
693 611 720 660 et
727 604 880 676 propinquo
887 602 941 669 die,
951 621 1007 676 quo
1016 620 1102 677 quar-

296 691 355 738 tum
367 681 502 756 decimum
512 681 605 736 aetatis
614 696 716 734 aunrrm
727 679 896 735 Britannicus
906 677 1040 750 explebat,
1050 696 1102 734 vo-

296 756 382 813 lutare
395 755 576 832 eecummodo
585 754 679 810 meum
688 752 852 818 violentiam,
867 747 1046 824 modoipsius
1054 754 1101 808 in-

296 831 398 904 dolem3
420 830 473 888 levi
482 827 593 904 quidem
604 829 880 902 experimentonuper
888 828 1031 901 cognitam,
1042 845 1101 900 quo

296 915 385 962 tamen
396 904 513 963 favorem
523 903 573 958 late
585 903 773 976 quaesivisset.
812 903 898 958 Festis
912 901 1027 958 Saturno
1040 901 1101 958 die-

296 983 359 1047 bus,
374 981 442 1046 inter
456 978 507 1033 alia
521 977 677 1050 aequalium
690 977 802 1042 ludicra,
816 993 932 1050 regnum
945 975 1009 1032 lusu
1018 979 1099 1032 sorti-

296 1057 409 1120 entium,
421 1060 543 1110 evenerat
552 1069 582 1108 ea
592 1069 651 1108 scre
661 1053 769 1108 Neroni.
808 1052 893 1124 lgitur
899 1052 995 1108 ceteris
1007 1050 1100 1108 diva-

296 1147 336 1196 aa,
348 1145 397 1184 neo
405 1127 530 1184 ruborem
540 1125 675 1184 adlatura:
704 1126 752 1182 nbi
771 1126 922 1182 Britannico
940 1126 1031 1192 iussit,
1048 1145 1100 1182 ec-
1166 1138 1167 1165 ἰ

295 1211 420 1273 maeret,
433 1217 636 1271 propreaaueque
648 1205 677 1258 io
685 1205 805 1266 medium
818 1210 924 1257 motum
932 1203 1047 1272 aliquem
1055 1206 1100 1256 io-

297 1281 400 1346 etpost,
420 1276 536 1332 inrisum
551 1293 585 1332 ex
599 1293 630 1331 ec
643 1293 755 1348 sperans
767 1276 856 1348 pueri,
875 1275 979 1332 sobrios
988 1292 1101 1348 quoque

296 1351 443 1416 convictus,
455 1349 555 1406 nedum
565 1349 734 1417 temulentos,
745 1351 906 1424 ignorantis3
919 1350 1100 1408 illacenstan-

295 1433 335 1482 ter
344 1441 456 1482 exorsus
470 1432 511 1480 est
523 1441 640 1490 carmen,
656 1441 720 1497 quo,
734 1429 864 1481 amittam
873 1430 1100 1494 aumaedepotrio

295 1503 422 1570 unaque
435 1505 541 1555 summis
553 1498 763 1572 significabatur.
802 1498 880 1556 Unde
891 1507 947 1556 orta
961 1501 1100 1568 miseratio

295 1575 470 1640 manifestior,
482 1575 547 1646 quia
556 1573 799 1630 dissimulationem
812 1581 868 1631 nox
876 1583 904 1630 et
915 1573 1026 1631 lascivia
1034 1592 1100 1631 exe-
1123 1605 1130 1618 ·

296 1657 389 1706 meret.
429 1649 508 1714 Nero,
524 1647 656 1704 intellecta
669 1649 782 1714 invidia,
798 1649 891 1704 mium
901 1649 1028 1705 intendit:
1051 1668 1100 1705 ur-
1166 1680 1167 1717 3

295 1721 475 1800 gentibusque
488 1723 652 1798 Agrippinae
666 1723 762 1789 minis,
782 1725 847 1796 quia
862 1723 970 1780 nullum
982 1724 1097 1789 crimen,

296 1817 385 1874 neque
402 1799 496 1856 iubere
513 1798 621 1854 caedem
640 1797 729 1854 usum
748 1797 838 1869 palam
856 1798 979 1863 audebat,
994 1797 1099 1854 occulta

295 1875 418 1932 molitur:
439 1874 582 1947 pararique
592 1890 731 1930 uenenum
745 1873 829 1939 iubet,
845 1873 969 1928 ministro
979 1872 1100 1929 Pollione

295 1950 373 2016 lulio,
384 1949 535 2022 praetorias·
544 1948 660 2004 cohortis
669 1947 787 2012 tribuno,
798 1949 877 2004 cuius
887 1965 950 2003 eura
960 1947 1100 2024 adtineba-

294 2033 339 2080 tur
349 2023 472 2080 damnata
481 2023 603 2080 veneficii
614 2024 723 2080 nomina
731 2023 854 2088 Locusta,
870 2023 955 2078 multa
964 2022 1098 2080 scelerum

295 2098 375 2154 lama.
415 2097 498 2163 Nam,
515 2105 545 2154 ut
558 2099 699 2170 proximus
713 2098 830 2171 quisque
843 2097 995 2154 Britannico
1009 2115 1101 2172 neque

295 2173 335 2229 las
354 2189 443 2245 neque
462 2173 542 2228 sidem
563 2173 645 2245 pensi·
663 2172 780 2238 haberet,
795 2171 861 2228 olim
875 2173 1099 2244 provisum-erat.

294 2249 417 2304 Primum
426 2265 562 2304 venenum
572 2249 606 2304 ab
614 2249 683 2319 ipsis
691 2247 877 2303 edumtoribus
887 2248 997 2318 accepit,
1008 2255 1101 2304 trans-

294 2323 432 2394 misitque,
451 2321 571 2377 exsoluta
584 2321 655 2388 alvo,
671 2339 768 2393 parum
781 2321 911 2388 validum,
925 2323 984 2378 sive
993 2329 1101 2394 tempe·

295 2404 446 2453 ramentum
459 2397 553 2462 inerat,
570 2414 604 2452 ne
617 2398 707 2452 statim
717 2398 840 2453 saeviret
878 2395 931 2451 Sed
939 2397 1021 2462 Nem,
1032 2396 1101 2454 lenti

295 2470 402 2526 sceleris
411 2471 554 2542 inpatiens,
567 2472 686 2526 minitari
695 2472 812 2538 tribuno,
827 2471 921 2527 iubere
929 2471 1101 2543 supplicium

295 2545 437 2612 veneficae,
449 2544 530 2617 quod,
542 2544 608 2600 dum
617 2563 753 2601 rumorem
762 2547 919 2618 respiciunt,
924 2545 992 2601 dum
1000 2555 1102 2618 parant

295 2620 474 2689 defensiones„
484 2621 653 2676 securitatem
663 2630 838 2678 morarentur.
876 2621 1102 2678 Promittentibus

295 2696 358 2752 dein
373 2704 426 2750 mm
440 2694 611 2768 praecipitem
621 2711 725 2760 nocem,
737 2697 856 2768 quamsi
866 2695 934 2752 lerrc
944 2706 1100 2770 urgeretur,

295 2769 452 2825 mhiaulum
472 2768 592 2824 Caesaris
609 2770 685 2824 iuxta
702 2769 860 2844 decoquitur
877 2771 966 2837 virus,
981 2773 1101 2846 cognitis

296 2851 371 2900 antea
382 2845 494 2899 venenis
502 2843 636 2914 rapidum.

351 2921 393 2972 tt.
414 2917 641 2984 lloslnababatur,
657 2919 812 2990 principum
823 2917 920 2976 liberos
929 2924 1103 2978 oum-ceteris

295 2991 366 3048 idem
382 2992 473 3046 aetatis
488 2991 624 3050 nobilibus
635 2991 756 3049 sedentes
766 2996 848 3061 vesci,
859 2995 889 3050 in
899 2994 1027 3067 adspeau
1035 3013 1104 3068 prc-
