2575 3734
293 454 326 509 ts
575 459 809 509 usnemun
954 449 1094 526 (aomos.

292 559 398 634 vigiles.
436 561 592 633 nucemque
605 561 700 616 terruit
712 559 771 616 dira
784 561 877 634 quies:
897 575 961 615 nam
971 557 1097 627 Quincti·

291 634 362 690 lium
371 635 481 701 Varum,
491 635 623 708 sanguine
631 634 746 692 oblitum
755 644 781 691 et
789 633 933 708 paludibus
941 650 1094 698 emersum,
1127 620 1130 684 l

292 727 400 766 cernere
409 720 436 765 et
443 710 536 766 audire
545 709 622 766 visus
631 717 681 775 est,
692 709 766 766 velut
776 717 927 776 vocantem,
937 725 995 764 non
1006 716 1096 764 tamen
1128 688 1132 778 l,

291 785 450 849 obsecutus,
469 793 496 840 et
507 801 619 838 manum
632 784 794 840 intendentis
814 782 953 856 repulisse.
998 782 1097 855 Coepta
1130 791 1134 926 p

293 859 365 925 luce,
386 860 485 913 missae
497 859 526 912 in
541 857 621 913 latera
635 857 767 932 legiones,
787 867 859 914 metu
869 875 903 913 an
913 859 1095 922 contumacia,

291 933 380 990 locum
389 933 544 990 deseruere:
559 941 635 1006 cepto
643 950 756 1005 propere
765 950 872 1005 campo,
892 932 1038 987 humentia
1055 931 1097 986 ul·
1133 945 1135 990 l

291 1018 340 1064 tro.
380 1007 473 1078 Neque
486 1015 575 1062 temen
588 1007 743 1074 Arminius,
763 1025 929 1080 quamquem
948 1007 1039 1063 libero
1054 1007 1096 1061 in-
1135 1027 1136 1058 t

291 1099 384 1146 cursu,
394 1083 484 1136 stetim
492 1083 627 1154 prorupit:
638 1082 696 1148 sed,
710 1090 742 1138 ut
750 1082 859 1138 haesere
867 1097 948 1137 coeno
957 1079 1095 1154 fossisque
1135 1096 1137 1134 t

291 1155 504 1227 impedimenta,
515 1157 612 1212 turbati
622 1157 725 1212 circum
735 1157 848 1222 milites,
869 1157 987 1212 incertus
1003 1157 1096 1231 signo-
1137 1177 1138 1202 ι

291 1248 354 1286 rum
362 1230 435 1296 ordo,
448 1239 530 1303 utque
539 1231 585 1286 tali
594 1231 624 1286 in
633 1239 760 1304 tempore,
771 1232 825 1287 sibi
835 1232 952 1304 quisque
960 1247 1094 1304 properus
1138 1249 1139 1280 t

291 1313 317 1361 et
326 1305 411 1360 tentae
420 1304 563 1361 adversum
576 1307 690 1378 imperia
704 1323 795 1373 aures,
815 1308 969 1378 inrumpere
980 1306 1095 1363 Germe-
1139 1325 1140 1354 t

291 1397 341 1435 nos
353 1379 440 1446 iubet,
455 1379 608 1446 clamitans,
627 1382 670 1436 Eo
686 1382 783 1445 Voarts,
799 1390 823 1436 et
836 1385 1032 1454 sodomitarum
1040 1386 1094 1452 [oto
1140 1415 1141 1422 ,

291 1460 375 1510 victae
394 1456 518 1524 legionesi
536 1454 623 1511 Simul
641 1455 721 1522 haec,
743 1463 849 1512 etcum
867 1454 975 1512 delectis
995 1453 1094 1512 scindit
1140 1477 1143 1510 t

292 1545 398 1603 agmen,
410 1529 544 1602 equisque
552 1531 670 1585 maxime
681 1530 792 1586 vulnera
800 1531 912 1605 ingerit:
930 1529 970 1586 illi
980 1529 1095 1604 sangui·
1142 1551 1144 1598 ξ

291 1621 326 1660 ne
335 1621 386 1660 suo
394 1612 421 1659 et
430 1604 533 1660 lubrioo
540 1604 672 1677 paludum
681 1605 827 1677 lapsantes,
848 1606 969 1662 excussis
984 1605 1095 1660 rectori·
1143 1638 1145 1660 t

292 1679 359 1745 bus,
379 1679 502 1736 disiioere
514 1679 622 1746 obvios,
641 1687 773 1752 proterere
790 1681 914 1736 iacentes.
953 1679 1093 1736 Plurimus

291 1756 361 1810 circe
370 1757 475 1828 aquilas
485 1754 572 1821 labor,
588 1772 658 1828 quae
673 1771 761 1828 neque
771 1755 914 1811 adversum
923 1753 986 1810 ferri
997 1757 1094 1829 ingru-

292 1832 362 1886 entia
372 1832 536 1904 tele,neque
546 1830 696 1905 sigilimosa
706 1830 790 1886 humo
799 1837 927 1901 poterent.
967 1829 1090 1892 (laccius,
1147 1849 1148 1854 ¹

292 1905 358 1960 dum
372 1914 502 1960 sustentat
514 1908 612 1971 aciem,
623 1905 736 1961 suffosso
745 1922 816 1978 equo
824 1903 964 1976 delapsus,
975 1905 1093 1960 circum·
1146 1923 1147 1926 ¹

291 1979 457 2044 veniebatur,
469 1982 497 2034 ni
506 1983 595 2052 prima
606 1981 675 2054 legio
684 1997 743 2035 sese
751 1980 928 2052 opposuisset.
962 1980 1035 2036 luvit
1044 1977 1093 2034 ho-

292 2042 376 2108 stium
395 2053 521 2119 aviditas,
546 2056 645 2110 omissa
669 2056 748 2110 caede
771 2053 897 2128 praedam
914 2056 1089 2111 sectantium:

292 2128 437 2198 enisaeque
446 2126 578 2200 legiones,
594 2138 794 2200 vesperascente
802 2129 860 2197 die,
875 2131 905 2185 in
915 2137 1003 2201 aperta
1013 2137 1040 2186 et
1049 2144 1092 2183 so·

291 2201 356 2257 lida.
386 2202 480 2274 Neque
490 2203 513 2255 is
522 2203 692 2258 miseriarum
701 2203 774 2258 linis.
804 2204 966 2260 Struendum
975 2205 1088 2266 vallum,

291 2276 423 2351 petendus
432 2293 527 2351 agger:
540 2279 639 2333 amissa
648 2295 745 2353 magns
757 2296 791 2334 ex
800 2288 883 2352 parte,
894 2295 942 2352 per
951 2296 1021 2352 quae
1030 2293 1090 2352 ege-

292 2354 360 2407 ritur
373 2351 475 2409 humus
490 2360 536 2406 aut
549 2352 681 2408 exciditur
695 2371 800 2426 cespes:
821 2372 875 2411 non
884 2355 995 2410 tentoria
1003 2353 1091 2409 mani·

291 2426 379 2499 pulis,
399 2443 453 2482 non
466 2425 581 2482 lomento
594 2428 708 2484 sauciis:
729 2427 840 2484 iniectos
853 2447 934 2485 coeno
943 2438 989 2484 eut
998 2441 1090 2484 eruore

292 2502 366 2556 cibos
384 2499 547 2567 dividentes,
568 2501 687 2558 funestus
700 2503 836 2570 tenebras,
856 2512 881 2560 et
893 2511 931 2560 tot
949 2504 1087 2560 bominum

292 2576 414 2631 millibus
423 2594 509 2632 unum
519 2577 721 2650 iamreliquum
731 2577 802 2637 diem
813 2578 1032 2636 lamentabuntur.

349 2655 391 2706 66.
412 2652 488 2708 Forte
501 2669 602 2724 equus,
622 2653 743 2725 abruptis
757 2652 874 2709 vinculis
891 2669 976 2728 vagus
995 2662 1021 2710 ct
1037 2650 1090 2708 cla-

292 2727 630 2799 moreterritus,quosdam
638 2729 834 2787 occurrentium
844 2727 1004 2784 obturbevit.
1021 2729 1090 2782 Tan-

291 2810 318 2856 ta
331 2801 394 2856 inde
406 2802 595 2867 consternatio,
610 2803 746 2874 inrupisse
756 2802 902 2858 Germanos
915 2803 1086 2862 credentium.

292 2886 323 2932 ut
331 2878 421 2932 cuncti
429 2884 536 2932 ruerent
545 2876 579 2932 ad
587 2877 1090 2950 portas:quarumdecumenamexime

292 2951 439 3024 petebatur,
450 2949 831 3026 aversahostietfugientibus
840 2952 930 3008 tutior.
968 2949 1087 3013 Coccina,
