2575 3734
131 448 132 509 ξ
184 490 238 525 Η,
251 469 300 543 20.)
398 479 540 544 n1s2111.
560 479 640 526 car.
661 480 702 526 aa.
723 481 766 528 rr.
934 480 983 531 tle

182 596 279 636 morem
299 586 442 650 eupoeent,
462 578 532 634 nihil
550 596 599 652 per
615 586 718 636 metum
734 580 898 636 vetabantur.
939 583 981 649 Ar,

131 670 132 733 p
179 663 324 726 postquam
337 655 403 710 exui
416 654 578 726 aequalitas,
598 662 625 708 et
636 671 687 726 pro
701 655 831 710 modestia
843 656 984 726 eopudore

131 736 132 808 l
179 729 287 786 ambitio
309 735 337 783 et
357 729 402 782 vis
427 728 579 797 inoedebat3
607 745 756 801 provenere
777 728 982 796 dominationes,

179 804 336 876 multosque
343 802 419 874 apud
428 803 544 875 populos
555 811 691 859 neoemum
702 819 835 859 mansere.
869 802 982 870 Quidam

178 881 274 945 statim,
290 886 341 932 aut
354 885 500 949 postquem
513 895 608 950 regum
621 887 784 950 pertaesum,
799 879 873 952 leges
882 879 985 934 malue-

179 962 246 1010 runt.
287 954 349 1007 Hae
361 954 461 1023 primo,
476 952 591 1008 rudibus
603 953 746 1010 hominnm
757 955 867 1019 animis,
878 953 984 1026 simpli-

179 1047 218 1084 ωε
233 1036 343 1083 erantr·
358 1027 533 1099 meximeque
551 1028 622 1083 lama
640 1027 784 1084 celebravit
802 1027 981 1094 Cretensium,

179 1122 243 1176 quas
257 1104 368 1170 llin0s3
385 1101 590 1174 Spartanorum,
610 1121 679 1175 quas
698 1104 853 1178 Lycurgum
874 1121 906 1160 eo
920 1121 984 1159 mox

178 1177 394 1235 Atheniensibus
404 1178 579 1249 quaesitiores
588 1179 642 1232 iarn
653 1188 677 1232 ot
687 1177 780 1250 plures
794 1177 856 1235 Solo
867 1180 984 1251 perseri-
1009 1205 1016 1218 ·

179 1256 237 1325 psit.
263 1250 509 1316 Nobisllomulns‚
519 1262 549 1308 ut
561 1252 679 1318 libitum,
690 1253 899 1324 imperitaverant:
921 1254 982 1308 dein

179 1331 267 1384 Numa
285 1326 469 1400 religionibus
482 1335 508 1381 et
520 1327 614 1384 divino
627 1329 686 1382 iure
697 1327 833 1400 populum
847 1329 981 1384 devinxit:

178 1411 339 1475 repertaque
352 1401 486 1474 quaedam
499 1401 603 1458 aTullo
616 1410 643 1456 et
652 1403 739 1458 Anco:
760 1402 808 1458 sed
823 1405 984 1476 praecipuus

179 1478 290 1534 Servius
306 1475 417 1531 Tullius
435 1483 539 1532 moster
553 1477 646 1552 legum
660 1477 720 1543 luit,
741 1479 805 1550 quis
817 1479 895 1533 mam
907 1495 984 1552 reges

181 1555 406 1624 obtemperarent.

230 1630 275 1684 27.
297 1625 383 1680 Pulso
396 1625 556 1698 Tarquinio,
576 1625 721 1682 adversum
733 1635 841 1699 patrum
858 1625 984 1682 notiones

182 1702 264 1758 multa
278 1700 402 1773 populus
411 1700 636 1772 paravittuendao
647 1700 785 1767 libertatis,
796 1691 822 1756 et
839 1701 984 1757 firmandae

182 1777 353 1834 oenoordiae:
373 1775 508 1847 emtique
522 1774 678 1841 decemviri,
695 1777 834 1841 etaoeltis,
850 1793 919 1849 quae
936 1795 984 1832 us-

183 1869 262 1924 quam
274 1851 395 1924 egregia,
410 1850 571 1921 pompositas
584 1849 726 1905 duodecim
737 1849 853 1916 tabulam
868 1851 930 1910 linis
940 1869 984 1906 ae-

183 1929 228 1999 qui
238 1928 321 1981 luris.
355 1926 424 1979 Nam
434 1934 540 1980 secutae
552 1924 633 1998 leges,
645 1925 695 1979 etsi
708 1923 852 1996 aliquando
861 1927 890 1981 in
900 1925 985 1982 mele-

183 2002 245 2057 fieoe
257 2018 294 2056 ex
305 1998 413 2064 delicto,
428 2001 537 2072 saepius
545 2006 635 2055 umen
644 1999 812 2056 dissensione
820 2001 946 2056 ordinum
959 2009 984 2056 et

184 2075 320 2148 apisoemli
332 2074 451 2130 inlicitos
464 2075 592 2140 honoras,
607 2083 654 2130 aut
669 2073 787 2147 pellendi
801 2075 885 2131 clusos
900 2077 982 2139 viros.

183 2151 289 2224 aliaque
300 2150 338 2206 ob
350 2166 444 2221 meva,
459 2151 574 2222 pervim
586 2149 653 2204 latae
663 2158 735 2206 sunt.
759 2151 828 2206 llinc
836 2151 949 2206 Graoobi
959 2159 985 2206 et

183 2226 331 2291 Saturnini,
342 2225 490 2280 turbatores
498 2225 600 2297 plebis;
610 2242 661 2280 neo
670 2226 759 2281 minor
767 2225 884 2299 largitor,
896 2226 985 2281 norni-

184 2309 346 2366 nesenatus,
358 2301 477 2369 Drusus,
497 2301 615 2372 corrupti
625 2317 684 2372 spe,
694 2309 740 2356 aut
752 2300 835 2356 inlusi
845 2318 893 2373 per
902 2301 984 2355 inter-

184 2378 332 2434 ostonem
348 2375 424 2430 socii.
463 2375 503 2429 Ao
514 2391 549 2430 ne
561 2374 634 2430 bello
642 2375 753 2447 quidem
764 2375 861 2441 ltalioo,
874 2393 937 2431 rnox
946 2376 985 2430 ei-

183 2453 239 2519 vili,
250 2452 399 2515 omissum,
410 2451 478 2522 quin
487 2447 572 2504 multa
584 2455 611 2504 et
618 2449 724 2505 diversa
734 2452 922 2506 edocerentur:
937 2451 986 2505 do-

184 2545 230 2582 nee
242 2527 275 2582 L.
292 2524 370 2581 Sulla
383 2525 503 2590 dictator,
518 2524 624 2580 abolitis
634 2524 677 2580 vel
691 2525 827 2581 conversis
836 2525 982 2596 prioribus,

184 2619 245 2656 orans
254 2600 336 2673 plura
345 2599 501 2664 addidisset,
516 2600 600 2654 otium
611 2600 636 2655 ei
647 2601 685 2654 rei
695 2600 769 2656 haud
778 2601 806 2655 in
817 2599 928 2672 longum
937 2615 987 2670 pa-

183 2677 265 2744 rarit,
277 2676 372 2739 statim,
379 2674 592 2746 turbidislepidi
599 2676 792 2748 rogationibus,
803 2689 892 2746 neque
900 2673 986 2730 multo

131 2766 132 2773 ¹
183 2759 242 2822 post
250 2750 370 2805 bibonis
380 2748 482 2806 reddita
492 2748 607 2814 lieentia,
618 2766 729 2822 quoquo
738 2748 846 2813 vellent,
852 2747 984 2820 populum

184 2824 311 2898 agitnmi
351 2823 463 2895 lamque
473 2841 528 2879 non
536 2823 655 2879 modoin
665 2839 818 2888 oommuue,
830 2821 878 2878 sed
890 2824 986 2878 insin-

131 2948 132 2951 ,
183 2899 262 2973 gulos
274 2897 401 2954 homines
413 2898 480 2952 latae
488 2901 672 2971 quaestiones:
693 2906 720 2954 et
731 2898 933 2969 corruptissime
945 2913 986 2950 rs·

184 2973 294 3044 publiea
302 2972 437 3045 plurimae
446 2972 530 3047 loges.
731 3044 781 3096 m
