2575 3734
405 926 769 1047 uanursuru

483 1183 691 1194 -----......—

229 1305 307 1373 Data
329 1333 381 1389 per
390 1330 497 1380 nomm,
509 1329 591 1387 quam
600 1315 688 1388 pareri
698 1313 782 1371 uoluit
791 1317 983 1394 typographus,

164 1431 166 1434 ⁴
185 1405 261 1464 Tamti
275 1409 428 1464 editionem
442 1403 564 1461 facultate
576 1405 661 1462 textui
675 1407 754 1463 etiam
764 1405 856 1482 (quem
866 1409 894 1466 in
904 1425 986 1482 supa-

183 1499 244 1554 riore
258 1516 296 1556 ex
303 1497 482 1556 Obortiniana
495 1496 662 1571 dederamus]
674 1497 764 1572 paullo
773 1499 871 1556 melius
879 1501 986 1574 prospi-

184 1588 275 1657 ciendi¹
297 1588 372 1646 nihil
386 1591 529 1647 omisimus
544 1589 679 1657 adhibere,
699 1590 782 1665 quod,
801 1589 986 1648 industriam·

182 1681 333 1740 cantiorum
347 1677 391 1737 vel
409 1697 443 1736 ex
457 1681 541 1754 mptis
554 1679 631 1738 libris
645 1683 794 1740 aouuratius
808 1682 910 1739 uallatis
924 1699 986 1754 par-

137 1817 156 1842 .,
182 1777 253 1839 tum,
272 1772 323 1830 uel
343 1774 492 1828 oonieetura
511 1775 674 1848 quaesitum,
695 1773 815 1851 aliquam
833 1771 921 1829 luaem
941 1780 987 1828 aut
1047 1781 1049 1788 ⁴

184 1860 263 1919 decus
273 1864 731 1940 egregiohistoriooaderropossat.
770 1863 840 1919 litia
851 1861 986 1938 prioribus

183 1968 229 2010 sex
239 1954 401 2021 Annalium,
419 1971 546 2029 quorum,
557 1964 588 2012 ut
596 1955 769 2012 notissimum
779 1963 828 2021 est,
842 1971 916 2012 uuus
928 1965 985 2012 tan-

183 2035 243 2100 tum
256 2063 293 2102 ex
307 2047 463 2120 antiquitate
474 2045 559 2103 eodex
573 2053 653 2112 extat,
675 2048 762 2104 minor
774 2048 886 2104 uarietas
896 2045 985 2104 teatio-

183 2135 229 2190 nis
242 2138 375 2194 minorem
390 2137 550 2194 emendandi
563 2139 667 2212 copiam
681 2137 751 2196 iacit.
790 2139 874 2196 Maior
884 2140 913 2196 in
923 2139 986 2196 reli-

185 2227 246 2297 quis
264 2223 315 2286 sex
328 2238 354 2286 et
367 2231 396 2285 in
410 2230 587 2287 Historiarum
595 2228 673 2288 libris
684 2219 811 2298 nascitur,
823 2230 884 2288 linet
892 2248 985 2289 eornm

186 2333 295 2396 quoque
307 2335 402 2376 omnes
415 2330 546 2396 quotquot
557 2329 646 2378 exunt
659 2321 761 2378 eodioes
774 2339 808 2378 ex
816 2339 870 2378 uno
880 2323 986 2380 wdetu-

189 2426 240 2482 que
254 2411 323 2470 oliui
331 2411 402 2469 libro
414 2411 526 2470 fluxisse
537 2414 694 2470 certissimis
704 2415 868 2489 argumentis
878 2413 985 2489 colliga-

188 2508 238 2570 tur,
252 2505 481 2578 quemadmodum
496 2503 568 2561 idem
581 2507 611 2562 in
625 2505 688 2575 aliis
705 2508 788 2562 etiam·
802 2505 875 2562 haud
893 2507 985 2578 paucis

191 2595 340 2653 auctoribus
351 2596 479 2653 aorifflsse
488 2597 621 2655 videmus.
660 2597 773 2674 Magnae
786 2607 874 2654 autern
884 2595 986 2665 Tanite-

132 2729 157 2765 Χ
191 2702 262 2744 orum
282 2703 395 2760 operum
413 2688 542 2763 reliquiae
558 2707 612 2764 quo
625 2692 724 2746 rectius
738 2689 818 2746 hodie
830 2689 985 2745 eonstitutae

136 2821 141 2832 .
192 2773 239 2852 tegi
246 2786 368 2854 possent,
384 2779 491 2837 effeoera
499 2779 733 2856 magnummoiim
743 2781 872 2844 virorum,
887 2779 982 2852 Lipsii‚

147 2889 150 2893 ·
196 2865 326 2935 [imnouii¹
348 2878 374 2926 et
386 2872 521 2944 imprimis
534 2871 570 2929 io.
587 2871 656 2948 Aug.
671 2871 788 2926 Ernestii
802 2871 907 2944 egregia
916 2872 985 2924 inter

196 2968 298 3028 veteres,
308 2965 455 3020 exooaeus
465 2963 514 3020 lm.
525 2958 986 3030 Bekkeri,oritioorumpraestantis—
