2575 3734
186 458 304 534 nass.)
389 468 772 518 mutuandum.
890 467 980 520 ‘itt

182 571 688 638 tpusutapussuananpriueaddsas,
703 573 983 642 quamadprincipum

185 659 258 698 aures
278 647 418 714 conferret
457 643 547 712 Neque
570 645 697 716 iuipmem
720 646 846 699 danorum
868 662 983 716 uuquam

180 727 330 788 precatum:
339 720 466 772 excubias
474 733 508 770 ae
515 719 627 782 ⁸iairasus,
635 726 666 773 ut
674 722 924 783 uuumemiiitibus,
931 738 982 788 pra

184 795 359 848 incomitata
377 796 544 860 imperaturis
560 794 649 848 maiis.
685 795 818 858 Attamen,
837 797 907 863 pund
921 797 984 862 pui-

185 869 351 932 atam-imum,
370 871 505 935 adepturi,
524 874 555 921 ut
567 869 746 922 coniunctium
757 867 879 924 Caesaris
890 871 984 938 dipnus

185 947 338 998 crsderetur.
372 942 442 998 Hinc
451 943 627 1011 initiumspei.
656 941 699 1006 Et,
709 947 832 1011 quoniam
842 946 983 1008 audiverit,

182 1023 338 1088 duputum,
347 1019 626 1087 incanincandadiia,
636 1020 754 1072 nonnihit
761 1021 985 1087 ctiamdsequiti-

184 1093 363 1148 misdiamanis
372 1095 572 1148 consuitauisse:
589 1096 637 1155 ita,
651 1095 676 1148 si
683 1097 794 1149 maritus
803 1093 894 1148 Liviae
903 1109 985 1162 quae-

182 1176 296 1232 reretur,
317 1169 466 1228 natust-in
477 1170 566 1222 animo
578 1170 703 1231 amicum,
718 1169 775 1223 enin
787 1171 984 1222 necessitudinis
1055 1181 1062 1194 ·

179 1245 266 1312 picria
274 1257 396 1298 usurum
427 1241 488 1298 Nan
496 1245 564 1296 enim
572 1257 668 1296 exuens
677 1245 796 1310 imposita
805 1246 909 1297 munia:
918 1245 984 1296 satis

167 1322 333 1382 aestimare,
343 1319 448 1387 densari
460 1321 563 1372 deumne
574 1319 701 1372 aduersus
712 1320 817 1386 iniquas
824 1316 984 1386 Apripptuue

181 1397 350 1462 offensionem·
362 1393 441 1462 idque
449 1393 589 1446 iiisrarum
599 1408 701 1446 caussa.
738 1391 808 1446 Nam
816 1393 866 1446 sibi
875 1395 984 1446 muttum

179 1483 310 1536 superque
318 1471 389 1521 uitas
396 1471 461 1536 lars,
471 1470 540 1536 prad
551 1469 600 1521 tati
609 1483 667 1521 cum
674 1469 794 1534 principe
804 1468 964 1534 explevisset.

233 1543 279 1596 id.
300 1539 384 1596 Ades
394 1541 528 1606 Tiberius,
539 1539 750 1612 laudatspietate
760 1539 859 1606 Seiani,
871 1539 984 1613 suisque

180 1616 209 1670 in
217 1633 284 1671 eum
293 1615 433 1672 beneflciis
442 1615 545 1671 madiae
554 1617 699 1687 percursis,
710 1632 773 1670 cum
782 1622 889 1687 tempus
898 1656 905 1680 ,
916 1623 985 1670 tum-

180 1707 265 1762 qunm
273 1689 450 1764 adintegrsm
456 1686 968 1762 consultationem,petivisset‚sdiunxit
976 1709 990 1745 :·

184 1765 282 1822 (icteris
289 1769 444 1821 mmtatiius
453 1771 599 1822 incastare
609 1768 733 1828 consiliu,
749 1769 812 1833 quid
824 1767 876 1819 sibi
888 1769 986 1820 condu-

182 1857 240 1896 cens
254 1848 363 1909 putsut:
380 1845 529 1910 principum
546 1840 677 1895 diuersam
694 1855 748 1894 esse
763 1847 874 1909 sartsm;
893 1843 986 1912 quibus

179 1917 731 1984 praecipuarsrumadiamamdiripenda·
755 1915 817 1968 Idea
825 1931 853 1968 se
861 1932 913 1970 nan
922 1917 986 1972 iiiuc

181 1993 335 2053 demcrrme,
356 1993 425 2060 quad
435 1997 583 2058 promptum
595 1992 741 2056 rescriptur
756 2005 833 2057 passe
846 1993 930 2058 ipsam
939 1991 987 2045 Li·

180 2069 254 2121 niam
263 2073 392 2129 statuere,
407 2063 552 2120 uadendum
558 2072 618 2133 past
626 2065 755 2127 Drusum,
767 2079 803 2118 un
814 2067 843 2118 in
848 2068 987 2132 penatibus

181 2143 275 2195 &dem
288 2142 451 2196 talerandum
463 2141 581 2195 nuberet:
599 2155 653 2194 esse
667 2141 709 2192 iili
720 2146 829 2192 matrem
846 2147 870 2193 et
889 2143 986 2206 auiam,

178 2219 310 2284 propiora
320 2217 439 2270 cansiiia.
475 2213 629 2284 Simpiicius
640 2220 776 2268 acturum.-
795 2217 827 2267 ds
840 2217 988 2270 inimicitiis

179 2289 481 2360 primamtprippinam
499 2305 566 2359 quas
576 2291 880 2358 ionpeacriusarsuras,
895 2293 921 2344 si
929 2307 988 2344 mu·

183 2367 336 2421 sumundum
344 2365 513 2419 Liuiaeueiut
526 2368 555 2419 in
564 2372 657 2432 partes
666 2367 768 2418 domum
780 2361 922 2418 Cassarum
931 2367 988 2419 dis-

183 2445 320 2496 traxisset.
358 2438 861 2509 Sr‘cquapuesrumpereaemututianem
875 2443 988 2508 semina·

182 2532 255 2578 rum,
267 2531 349 2583 eaque
357 2517 491 2581 discordia
498 2521 670 2582 nspatessuos
681 2515 803 2568 conscili:
822 2516 900 2582 quid,
910 2518 936 2568 si
945 2516 988 2568 iu·

184 2593 308 2644 tendatur
317 2596 447 2644 certamen
455 2589 505 2642 taii
513 2585 653 2657 caniupic?
670 2588 784 2644 Fatieris
793 2593 869 2650 mim,
883 2585 986 2652 Sciam,

183 2665 536 2719 sitsmansurumineadem
544 2667 635 2728 urdine
641 2671 734 2732 putas,
749 2670 774 2717 et
785 2662 901 2726 Liuiam,
921 2679 989 2732 puae

186 2736 213 2792 0.
227 2736 345 2801 Caesari,
355 2755 420 2792 maa
428 2738 523 2801 Druen‘,
534 2742 714 2809 nuptatucrit,
726 2755 758 2792 ca
766 2744 986 2803 menteacturam,
1044 2761 1046 2766 v

183 2819 213 2867 ut
222 2816 376 2883 sumepuits
384 2809 630 2868 dictaminum
662 2811 718 2882 Epa
727 2820 757 2867 ut
764 2815 858 2894 sinam,
872 2815 989 2870 cruditus

182 2904 322 2956 passurus,
337 2891 384 2958 uui
395 2892 505 2957 [induem
518 2892 585 2952 sius,
600 2892 648 2957 aui
659 2896 761 2956 patrem
769 2891 931 2957 maioresque
940 2905 988 2942 na·

184 2966 254 3020 strae
267 2966 298 3020 iu
308 2966 415 3018 neumis
427 2967 545 3033 inperiis
557 2960 665 3018 nidore?
695 2963 739 3018 Vis
752 2969 781 3018 tu
794 2965 897 3032 quidem
909 2966 989 3018 istum
