2575 3734
296 507 312 558 t
578 511 817 558 ausanium
959 501 1100 576 (anaor.

297 628 373 666 mum
386 611 465 668 uxori
479 611 592 667 Muciae
604 611 755 682 aperuisse,
770 609 845 666 illam
858 609 963 666 Livias:
978 625 1101 682 Quom
1164 629 1165 666 l

295 686 325 740 id
337 686 459 742 Camari:
473 702 562 757 neque
574 685 660 743 multo
676 693 736 757 post
749 686 878 740 exstincto
887 683 1018 749 Maximo,
1034 682 1103 756 (du-
1164 703 1165 740 l

296 760 547 832 biumanquaesita
556 757 1103 832 morte,)auditcsinluneroeiusMarciaa
1164 779 1165 816 l

295 837 427 908 gemitus,
442 841 526 888 semet
538 834 702 899 incusantis,
723 837 790 903 qaod
803 850 898 888 ecesse
910 837 988 888 cottia·
998 837 1104 888 merito
1164 839 1165 864 ³

294 915 396 980 suisset.
434 905 576 979 Utcunque
584 925 707 962 secares
716 907 819 972 habuit,
832 906 945 962 vixdum
956 907 1102 980 ingressus
1164 927 1165 966 l

295 982 434 1056 Illyricum
443 981 576 1047 Tiberius,
586 983 707 1054 properis
718 983 810 1036 matris
821 980 914 1035 litteris
923 981 1035 1036 accitur:
1046 998 1103 1036 ne-
1164 1007 1165 1018 κ

295 1073 350 1128 que
364 1056 429 1110 satis
443 1063 608 1126 compertum
618 1063 671 1122 est,
687 1057 832 1128 spirantem
844 1054 1102 1128 adnuerugusorm
1164 1081 1165 1114 3

219 1168 222 1172 -
295 1127 368 1201 apud
381 1129 477 1184 urbem
490 1129 599 1196 Nolam,
620 1147 655 1185 an
668 1130 819 1186 exanimem
831 1129 971 1200 repererit:
987 1127 1101 1184 acribus

296 1220 413 1274 nomque
422 1203 550 1259 custodiis
560 1203 671 1259 domum
681 1212 706 1260 et
717 1205 776 1259 vias
790 1210 907 1274 sepserat
915 1203 1004 1258 Livia:
1020 1201 1103 1258 laeti-

296 1294 350 1349 que
361 1275 494 1332 interdum
504 1279 593 1332 nuntii
602 1277 790 1351 vulgabantur,
797 1277 889 1342 donec,
899 1277 1015 1348 prouisis
1025 1293 1102 1349 quae
1164 1315 1165 1318 η

294 1362 401 1422 tempus
411 1351 642 1416 monebat,simul
652 1354 798 1406 excessisse
807 1350 960 1425 Augustum
970 1359 1100 1407 etrerum

294 1428 375 1498 potiri
384 1427 526 1491 Neronem,
537 1425 607 1480 fama
616 1425 707 1483 eadem
717 1424 787 1481 tulit.

350 1503 376 1554 6.
397 1500 520 1554 Primum
532 1499 637 1555 lacinus
651 1501 714 1557 novi
727 1499 892 1572 principatus
911 1499 963 1556 fuit
974 1500 1101 1557 Postumi
1164 1529 1165 1550 r

294 1575 429 1647 Agrippae
438 1573 544 1630 caedes:
559 1590 641 1646 quem
655 1576 779 1648 ignarum
788 1575 987 1648 inermumque,
997 1591 1101 1646 quam-
1164 1607 1165 1612 κ

294 1650 338 1703 vis
348 1649 469 1704 firmans
477 1649 580 1714 auimo,
595 1649 715 1704 oenturio
728 1665 805 1720 aegre
819 1647 939 1704 confecit.
977 1648 1052 1704 Nihil
1061 1649 1101 1706 da

294 1741 326 1778 ea
335 1740 364 1778 re
373 1724 497 1780 Tiberius
506 1723 578 1796 apud
587 1729 710 1778 senatum
720 1722 859 1779 disseruit:
875 1723 958 1795 patris
971 1724 1046 1778 iussa
1057 1725 1101 1780 si-

294 1798 428 1865 mulabat,
444 1799 546 1872 quibus
555 1799 769 1870 praescripsisset
783 1797 890 1854 tribuno
902 1797 1036 1854 cutmdiae
1047 1815 1100 1871 ap-

294 1874 393 1944 posito,
408 1892 440 1928 ne
454 1873 774 1944 cunctorelcrriprippam
783 1881 865 1928 moro
877 1876 994 1942 allicere,
1010 1889 1101 1942 quan·

294 1951 595 2016 doqueipseaupremam
604 1953 671 2005 diem
680 1951 841 2018 explevisset.
857 1945 940 2003 uuita
949 1945 1100 2004 sineduhio

294 2035 427 2089 saevaque
440 2020 581 2093 Augustus
594 2023 628 2078 de
638 2023 761 2080 moribus
775 2022 951 2080 adulescentis
970 2029 1096 2095 questus,

294 2100 325 2148 ut
339 2092 466 2148 exsilium
480 2095 540 2149 eius
553 2097 782 2154 senatusconsulto
798 2098 958 2164 sanciretur,
977 2095 1097 2170 perfece-

293 2174 348 2222 rat:
364 2174 481 2222 oeterum
494 2168 524 2224 in
538 2168 642 2225 nul-lius
656 2189 777 2244 unquam
792 2190 903 2228 suorum
913 2189 1003 2228 necem
1013 2171 1098 2226 dura-

294 2242 349 2307 vit,
366 2257 454 2312 neque
466 2249 578 2298 mortem
590 2246 681 2315 nepoti
690 2262 739 2316 pro
747 2247 888 2300 securitate
896 2246 966 2317 privi
988 2245 1015 2300 ni
1024 2244 1097 2300 inla-

293 2323 359 2380 tam,
370 2315 498 2372 credibile
506 2325 575 2372 crat:
585 2319 697 2389 propius
706 2335 779 2382 vcro,
787 2318 924 2374 Tiberium
933 2335 964 2374 aa
997 2319 1094 2385 iviam,

292 2389 372 2444 illum
381 2397 469 2456 matu,
484 2391 554 2447 hane
562 2391 746 2447 novercalibus
755 2391 838 2457 odiis,
850 2393 967 2464 suspecti
976 2382 1095 2450 etinvisi
1164 2439 1165 2468 ,

292 2465 401 2518 iuvenis
410 2463 704 2520 eaedemlestinavisse.
741 2465 1096 2533 Nuntianticenturioni,ut

293 2555 354 2593 mos
363 2537 483 2604 militiae,
495 2537 594 2594 lactum
604 2555 676 2604 esse,
691 2538 764 2610 qnod
773 2540 942 2611 imperasset:
953 2556 1034 2610 necue
1042 2547 1094 2597 im-
1164 2543 1165 2548 ’

289 2627 397 2681 pomero
405 2630 467 2678 ecee,
479 2622 503 2667 et
511 2618 639 2668 rationem
647 2618 712 2684 [oeli
722 2617 878 2670 reddendum
886 2619 957 2684 opud
965 2623 1092 2680 cartolam,

292 2687 437 2758 respondit.
476 2684 554 2754 Quod
563 2695 705 2760 postquam
716 2685 859 2744 Sallustius
870 2685 995 2760 Crispus,
1010 2689 1094 2758 parti-
1164 2721 1165 2760 ,

293 2777 356 2832 ceps
369 2766 543 2832 secretorum,
564 2761 598 2834 (is
611 2762 645 2817 ad
658 2762 798 2818 tribunum
812 2763 920 2818 miserat
937 2759 1093 2835 codicillos)
1164 2803 1165 2834 ,

293 2836 435 2907 comperit3
451 2843 586 2898 metuens,
602 2853 708 2892 nereus
718 2836 889 2904 sttbderetur,
902 2838 977 2894 iuxta
986 2837 1093 2910 pericu-

292 2908 358 2976 loso,
369 2909 427 2966 lietu
437 2927 486 2966 scu
495 2927 557 2965 vera
566 2919 706 2982 promeret,
716 2913 822 2968 monuit
829 2912 944 2978 Liviam,
955 2929 989 2968 ne
998 2929 1091 2968 aroana

292 2984 399 3051 domas,
411 2984 564 3041 ueconsilia
573 2987 732 3052 amicorum,
744 2987 891 3044 ministeria
901 2986 1019 3044 militum
1032 2987 1092 3044 vul-
