2575 3734
183 431 250 469 nc.
264 410 319 479 aa.)
400 421 479 466 are.
498 419 548 465 ιν.
569 421 657 467 car.
678 420 798 467 11-1a.
947 417 991 470 454

182 532 215 578 ut
224 519 506 606 Tibep‘oobiectaret,
522 537 585 575 cum
598 521 688 576 omnia
698 519 750 576 alia
760 522 945 593 conquirerent
954 523 998 578 iu-

182 596 403 666 caderentque,
416 635 420 645 .
435 595 504 651 Mihi
526 594 647 650 medendi
671 594 854 668 arguendique
881 598 996 652 rumoris

185 687 291 726 caussa
304 668 370 736 luit,
386 677 431 735 ut,
446 669 517 725 claro
532 669 585 725 sub
598 669 734 742 exemplo,
755 669 836 725 falsas
850 668 996 727 auditiones

186 744 368 818 depellerem,
379 752 552 816 peteremque
561 745 595 799 ab
604 746 648 810 iis,
661 761 776 817 quorum
787 745 816 800 in
827 762 925 800 manua
934 762 997 800 cura

186 828 284 876 nostra
298 820 416 885 venerit,
432 835 466 874 ue
478 819 614 892 divulgata
628 823 708 891 atque
723 819 905 886 incredibilia,
922 820 998 876 aride

187 903 314 967 accepta,
326 895 414 961 veris,
424 895 552 967 usquein
561 895 722 950 miraculum
732 895 877 968 corruptis,
890 894 998 951 anteba-

249 1049 296 1102 ts.
318 1044 457 1110 Ceterum,
474 1043 597 1100 laudante
610 1043 697 1100 filium
710 1061 758 1117 pro
775 1044 867 1100 rostris
881 1044 996 1110 Tiberio,

190 1128 306 1176 senatus
314 1118 487 1192 populusque
496 1117 619 1177 habitum
628 1137 660 1174 ac
668 1137 746 1176 voces
754 1119 904 1185 dolentum,
912 1119 996 1174 simu·

192 1197 296 1252 latione
313 1195 417 1268 magis,
438 1208 521 1267 quam
543 1193 643 1259 libens,
669 1194 807 1260 induebat,
833 1194 998 1266 domumque

191 1269 353 1327 Germanici
381 1269 554 1335 revirescere,
572 1267 681 1324 ‚occulti
706 1267 881 1324 ,laetabantur
915 1267 996 1335 ¹Qu'od

191 1345 363 1418 psincipium
383 1342 482 1398 favoris
517 1351 542 1398 et
560 1351 644 1398 mater
658 1342 819 1417 Agrippina,
839 1361 915 1415 spem
928 1343 998 1402 mala

191 1431 306 1494 tegens,
326 1418 471 1490 perniciem
492 1417 681 1475 adceleravere.
719 1419 788 1474 Nam
802 1417 928 1484 Seianus,
950 1419 997 1474 ubi

194 1497 279 1560 videt,
289 1501 403 1549 mortem
413 1494 491 1548 Drusi
501 1493 616 1549 inultam
625 1492 846 1560 interfectoribus,
857 1495 915 1549 sine
925 1511 998 1548 moe-

193 1587 254 1626 rore
267 1568 380 1642 publico
389 1585 463 1633 esse,
477 1566 555 1624 ferox.
564 1567 709 1634 scelerum,
726 1578 751 1622 et
764 1568 828 1641 qnia
840 1570 928 1641 prima
934 1585 998 1641 prc-

194 1642 473 1709 venerant,‘volutare
491 1660 598 1710 secum,
618 1661 736 1716 quonam
755 1640 838 1699 modo’
847 1643 997 1700 Germanici

196 1721 297 1776 liberos
306 1726 476 1792 perverteret,
488 1736 604 1792 quorum
615 1737 667 1774 non
677 1719 759 1773 dubia
769 1719 911 1773 successio.
946 1719 996 1773 Ne

197 1813 252 1867 que
261 1795 353 1868 spargi
365 1811 497 1850 venenum
506 1796 535 1848 in
545 1802 599 1848 tres
610 1800 723 1864 poterat,
740 1793 845 1866 egregia
859 1792 998 1849 custodum

198 1871 265 1936 fide,
291 1879 317 1925 et
338 1868 467 1941 pudicitia
487 1868 652 1942 Agrippinae
672 1867 877 1938 impenetrabili.
915 1867 995 1942 Igitur

133 1992 134 2001 ,
165 1967 170 1977 ·
198 1946 394 2015 contumaciam
407 1946 467 1999 eius
487 1943 625 2008 insectari,
645 1951 722 1998 vetus
741 1941 877 2016 Augustae
894 1943 997 2004 odium,

200 2029 333 2076 recentem
346 2020 438 2074 Liviae
452 2017 640 2074 censcientiam
655 2017 800 2092 exagitare,
821 2025 851 2072 ut
862 2022 999 2088 superbam

197 2100 369 2165 semnditntc,
378 2097 517 2149 miricam
523 2095 695 2162 popularibus
704 2097 797 2148 studita
807 2096 908 2148 initiare
917 2098 998 2148 domt-

199 2175 316 2234 ncticni,
326 2168 398 2241 apud
407 2167 547 2224 Caesarem
556 2174 706 2241 arguerent.
745 2166 1000 2240 Adquehaec'calli·

200 2247 243 2301 dis
252 2243 479 2310 criminatoribus,
490 2244 567 2318 (inter
578 2258 646 2314 quos
656 2241 787 2316 delegerat
796 2242 895 2298 lulium
905 2243 1000 2299 Postu·

201 2335 293 2387 mum,
313 2337 361 2392 per
374 2318 536 2375 adulterium
549 2316 669 2374 Mutiliae
680 2319 785 2373 Priscae
803 2319 873 2374 inter
891 2318 999 2374 intimos

202 2398 290 2461 aviae,
301 2394 523 2463 etconailiissuis
533 2393 717 2466 peridoneum,
731 2393 795 2466 quia
804 2393 893 2448 Prisca
903 2395 932 2449 in
942 2394 1000 2448 ani-

203 2490 247 2529 mo
265 2470 402 2545 Augustae
419 2468 517 2542 valida)
535 2487 632 2534 anum,
653 2475 746 2540 suapte
763 2475 857 2524 natura
870 2469 1004 2540 potentiae.

204 2548 323 2611 anxiam,
347 2544 531 2601 insociabilem
554 2545 637 2602 nurui
661 2543 800 2600 efficiebat.
837 2543 1001 2616 Agrippinae

204 2639 311 2696 quoque
323 2621 442 2693 proximi
454 2617 653 2686 inliciebantur,
672 2620 761 2691 pravis
775 2617 944 2674 sermonibus
958 2624 999 2672 tu·

205 2697 291 2754 midos
299 2697 412 2769 spiritus
421 2694 615 2766 perstimulare.
931 2728 934 2732 -

260 2777 301 2828 43.
321 2772 357 2827 At
366 2770 501 2837 Tiberius,
516 2769 585 2826 nibil
595 2769 846 2826 intermissererum
860 2782 937 2834 eura,
954 2783 1002 2822 nea

205 2849 275 2923 gotia
287 2863 336 2919 pro
344 2845 451 2902 solatiis
465 2846 612 2917 accipiens,
627 2845 672 2907 ius
686 2843 802 2908 civium,
816 2858 907 2914 preces
917 2841 1001 2898 socio-

206 2942 266 2980 rum
276 2922 416 2978 tractabat:
433 2919 554 2994 iactaque
563 2927 668 2976 auctore
678 2915 960 2982 eosenatusconsulta,
971 2923 1002 2970 ut
