2575 3734
271 471 321 526 sta
441 528 444 532 ,
549 476 793 524 anuananu
934 467 1075 543 (naara.
1167 436 1168 451 ¹

270 580 461 634 accusationem
479 577 514 631 ob
532 591 562 631 so
581 585 710 632 coactam.
747 577 818 633 Tum
831 577 1077 634 (confluentiam

269 649 415 725 praetendi,
431 656 457 704 ct
468 649 557 706 labare
570 649 698 707 defensio.
739 651 794 707 Gar
802 656 871 708 enlm
882 656 1008 707 mmtaan
1017 657 1077 708 oli-

269 743 314 781 om
322 729 455 789 delectum,
466 729 513 796 qut
521 731 653 791 manicam
664 731 811 796 ltrpudlooa,
821 725 1076 796 coemptum?

270 802 414 856 mamaea
432 817 521 855 rorum
537 805 668 856 atrocium
677 805 819 866 minim,
837 803 980 870 ubiprata'o
990 804 1076 858 acola-

270 893 329 930 rum
338 879 434 944 adepti,
444 877 543 930 scelera
552 877 611 945 ipso
620 879 683 930 aliia
691 879 816 946 driccam.
853 876 939 950 Igitur
946 875 1074 947 adempta

270 951 400 1006 bonorum
420 957 495 1020 parta
513 947 586 1022 (nam
599 949 656 1005 filio
668 957 694 1006 et
707 951 781 1022 nepti
792 967 856 1022 pars
866 950 1072 1016 eoncedabataar,

271 1025 510 1095 eximebanturque
531 1025 626 1091 etiam,
651 1041 723 1097 quae
740 1032 895 1081 testamento
913 1025 1007 1080 mauis
1025 1034 1075 1080 aut

271 1100 347 1156 aviae
359 1097 521 1168 acceperant)
533 1099 562 1152 in
576 1097 682 1154 insulas
693 1098 817 1154 Baleares
828 1099 952 1171 pellitur:
972 1117 1028 1156 non
1043 1102 1073 1156 in
1167 1128 1169 1185 ᾗ

270 1175 331 1246 ipso
339 1172 503 1237 discrimine,
519 1189 572 1228 non
580 1181 641 1244 post
649 1173 846 1230 damnationem
855 1173 955 1230 natus
963 1176 1071 1230 animo:
1167 1198 1168 1223 l

270 1249 466 1318 ferebaturque,
481 1248 587 1318 copiosa
600 1255 626 1303 at
637 1246 714 1304 molli
723 1248 778 1305 vita
787 1258 919 1304 sacrem
928 1249 998 1304 illud
1006 1248 1074 1306 tole-

270 1323 381 1378 ravisss.
421 1319 522 1376 Filium
535 1323 604 1388 eius,
617 1321 800 1389 Nerullinum,
814 1323 949 1398 adgressis
958 1324 1074 1379 adcusa-

270 1397 382 1460 toribus,
398 1412 445 1468 por
459 1395 589 1452 invidiam
599 1397 1071 1470 patrieetcriminarepetundarum‚
1111 1405 1118 1412 ’
1167 1461 1169 1499 i

270 1470 419 1526 intercessit
428 1471 563 1544 princeps,
575 1479 703 1545 tanquam
711 1472 777 1528 satis
785 1471 890 1545 expleta
898 1473 1009 1529 ultione.

326 1547 367 1602 n.
389 1545 519 1602 peridem
528 1545 771 1618 ampusoonvaua
779 1546 879 1622 &gam
888 1547 1075 1620 pumann-
1167 1508 1169 1534 ²

270 1635 333 1686 aue,
348 1620 465 1686 Pontiae,
481 1619 602 1676 mulieris
616 1630 724 1694 nuptae,
736 1638 828 1678 amore
840 1638 942 1689 nemra,
954 1623 1075 1696 ingenti·

270 1695 323 1751 bus
335 1695 413 1752 donis
427 1694 599 1762 adulterium,
614 1704 641 1750 at
655 1713 728 1762 mox,
743 1704 773 1753 ut
786 1697 918 1754 omitteret
930 1699 1073 1758 maritum.

271 1777 429 1837 emereatur,
443 1787 525 1826 suum
541 1771 742 1828 matrimonium
753 1772 911 1844 promittens
922 1789 955 1828 ao
962 1775 1074 1845 nuptias

270 1847 329 1901 eius
338 1853 442 1918 pactus.
465 1843 517 1900 Sed
527 1845 575 1901 ubi
585 1844 684 1902 mulier
692 1863 776 1903 vaoraa
785 1845 846 1912 luit,
857 1855 962 1904 nectere
970 1865 1073 1908 moras.

270 1921 410 1977 adversam
424 1921 507 1992 patris
521 1919 685 1977 volunlatem
705 1921 835 1986 causmri,
853 1929 1012 1995 rqrartaquo
1023 1940 1075 1994 spe

270 1995 374 2050 ditioris
393 1996 526 2070 coniugis,
545 1997 678 2068 promissa
695 1996 803 2052 exuero.
841 1995 970 2054 Octavius
980 2005 1075 2054 contra

271 2069 350 2126 modo
359 2071 495 2143 conqueri,
503 2071 581 2126 modo
589 2071 718 2137 minitari,
729 2069 829 2126 ianam
837 2071 979 2143 perditam,
988 2089 1076 2144 pecu·

272 2145 344 2200 niam
355 2144 511 2200 exhaustam
521 2145 668 2202 obtestans:
679 2145 797 2218 deniquo
804 2146 1074 2220 salutemquaesola

270 2217 374 2290 reliqua
384 2228 463 2285 esset,
473 2220 583 2276 arbitrio
593 2221 653 2276 eius
661 2221 827 2292 permittens.
866 2219 1075 2295 tcpoatquem

271 2293 454 2364 spernebatur,
469 2303 572 2350 noctem
582 2313 666 2350 unam
675 2295 710 2350 ad
718 2294 843 2352 solatium
854 2297 950 2368 poscit,
959 2314 1016 2369 qua
1023 2297 1077 2354 de-

271 2367 374 2432 linitus,
385 2367 496 2423 modum
505 2369 535 2423 in
545 2377 681 2442 posterum
691 2370 837 2426 adhiberet.
860 2370 990 2426 Statuitur
998 2388 1073 2430 nox:

270 2451 297 2498 n
310 2443 400 2498 ronan
414 2444 534 2498 noerae
543 2443 654 2500 aaaron
664 2445 814 2502 annuam
822 2446 942 2502 cubiculi
950 2447 1074 2504 aanor,
1167 2430 1168 2451 ¹

208 2561 212 2570 .
270 2517 327 2584 Illo,
348 2535 404 2574 uno
422 2534 484 2573 cum
504 2517 607 2584 liberto,
627 2517 729 2576 ferrum
743 2528 818 2576 reato
829 2519 966 2578 demultum
979 2521 1073 2578 intera

270 2595 350 2659 Tum,
366 2601 397 2650 ut
410 2592 510 2655 adsolet
519 2593 550 2650 in
559 2609 649 2648 enaore
657 2603 684 2648 et
692 2595 742 2660 im,
753 2595 852 2670 iurgia,
861 2612 965 2667 preces,
975 2613 1076 2668 enpro-

270 2669 364 2734 bratio,
381 2667 538 2724 monnesio:
558 2676 584 2724 et
596 2668 839 2740 persuasum
848 2669 961 2727 libidine
967 2672 1076 2742 seposi-

268 2751 306 2798 ta.
344 2743 386 2798 Ex
406 2761 463 2816 qua
477 2752 552 2800 aestu
569 2743 710 2813 incensus,
731 2744 802 2801 nihil
820 2753 983 2802 maumam
1001 2745 1075 2802 icrro

270 2817 475 2884 manaverbcrat,
485 2826 511 2874 ct
521 2827 702 2876 accurrentem
713 2819 839 2876 ancillam
848 2818 962 2877 vulnere
969 2820 1077 2876 abstar-

268 2899 324 2958 ret,
349 2889 527 2966 cubiculoque
545 2893 706 2966 prorumpit.
743 2895 850 2950 Postera
868 2895 914 2952 dia
929 2895 1074 2951 manifesta

270 2965 377 3022 caudes:
398 2965 472 3022 haud
480 2967 625 3043 ambiguus
634 2985 789 3040 percussor:
800 2970 903 3042 quippe
910 2971 1075 3028 mmmmm
