2575 3734
205 479 328 555 equo.)
397 488 479 533 urs.
499 488 577 535 xw.
599 490 688 535 cnr.
709 491 750 537 ss.
773 492 815 539 tc.
958 488 1003 540 331

206 589 261 643 sim
276 588 386 643 nomina
398 586 467 641 dats.
508 588 566 643 Non
581 588 705 645 nobilitas
719 588 857 662 cuiquem,
874 609 928 647 non
937 602 1008 648 aetas

206 670 255 717 eut
263 663 314 717 acti
323 662 436 717 honores
446 662 636 733 inpedimento,
648 665 795 735 quominus
803 664 898 721 Graeci
906 667 1007 721 Latini-

206 754 242 791 ve
251 736 390 791 histrionis
400 743 481 791 artem
491 745 748 810 exercerent,usque
756 738 792 793 ud
799 748 892 812 gestus
902 742 1009 795 modos-

207 827 263 883 que
275 810 349 865 haud
359 810 459 866 viriles.
498 810 571 877 Quin
585 821 610 867 et
619 811 734 867 feminae
743 812 872 869 inlustres
879 813 1008 871 deformia

207 885 346 941 meditari:
370 892 555 957 exstructaque
568 887 640 957 apud
655 903 761 952 nemus,
775 888 849 959 quod
857 888 946 944 ursuli
954 897 1009 944 ste-

207 978 262 1035 gno
271 961 462 1030 circumposuit
470 960 619 1034 Augustus,
630 962 814 1017 conventicula
826 970 852 1017 et
860 980 1006 1034 caupones,

208 1044 234 1090 et
242 1036 326 1107 posite
336 1051 404 1089 veno
414 1034 582 1090 inritamenta
592 1034 680 1090 luxui.
714 1036 903 1109 Debenttrrque
912 1038 1006 1109 stipes,

206 1128 275 1183 quas
288 1109 354 1165 boni
366 1109 533 1175 necessitate,
550 1110 755 1181 intemperantes
768 1110 852 1183 glorie
865 1124 1008 1167 consume-

205 1193 273 1241 rent.
314 1183 379 1238 Inde
388 1182 501 1257 gliscere
513 1182 612 1256 flagitia
621 1192 647 1238 et
656 1183 779 1253 inlumia3
800 1202 851 1239 neo
858 1184 1008 1241 ullameri·

204 1260 258 1315 bus
273 1258 340 1315 olim
354 1258 486 1329 corruptis
501 1257 563 1329 plus
573 1257 717 1313 libidinum
727 1259 911 1324 circumdedit,
923 1276 1007 1331 quarn

204 1334 252 1389 illa
267 1332 414 1389 mnluviss.
455 1332 507 1387 vix
519 1332 623 1387 estibus
634 1332 753 1388 honestis
766 1333 853 1404 pudor
861 1336 1004 1389 retinetur:

206 1408 319 1472 nedum,
332 1407 400 1461 inter
414 1407 557 1461 certamine
569 1408 708 1471 vitiorum,
721 1408 849 1478 pudicitia
859 1416 906 1463 cut
914 1409 1007 1463 mode-

206 1484 257 1538 stis
267 1489 318 1537 -eut
330 1480 479 1553 quidquem
494 1482 571 1551 probi
584 1483 667 1537 moris
676 1490 864 1537 reservaretur.
903 1484 1008 1538 Postre-

206 1574 253 1613 mo
266 1558 324 1627 ipse
338 1573 445 1611 scenam
459 1556 570 1617 incedit,
585 1555 669 1611 multu
681 1573 745 1610 cura
759 1563 864 1611 tentens
876 1557 1005 1612 eithnrsm

206 1640 233 1687 ct
241 1630 436 1703 praemeditans
445 1630 634 1685 adsistentibus
644 1629 758 1685 fecibus.
797 1630 1007 1686 Accesseretcn-

206 1705 271 1763 hors
280 1704 408 1770 militum,
419 1706 586 1760 centuriones
595 1706 762 1777 tribunique,
773 1712 799 1759 et
808 1721 930 1759 maerens
938 1706 1007 1759 liur-

205 1799 254 1837 rus
271 1797 303 1836 ne
320 1779 442 1835 laudans.
482 1780 611 1851 Tuncque
634 1782 754 1851 primum
781 1779 924 1849 conscripti
943 1786 1008 1834 sunt

204 1856 310 1929 equites
324 1855 446 1919 Romani,
461 1862 633 1928 cognomento
641 1855 869 1927 Augustinorum,
885 1860 1007 1908 uetateec

132 1956 134 1960 ⁴
204 1932 300 1987 robore
313 1930 459 2000 conspicui,
476 1937 501 1983 et
514 1946 576 2000 pers
589 1930 698 2003 ingenio
711 1946 844 2000 procaces,
860 1927 907 1982 ulii
918 1928 947 1982 in
957 1944 1006 1999 spe

204 2005 348 2078 potentiae.
386 2004 418 2057 lli
432 2004 490 2059 dies
502 2021 533 2059 nc
541 2011 629 2059 noctes
638 2004 780 2075 plausibus
788 2019 939 2074 permisere,
951 2001 1006 2058 lor-

206 2096 280 2135 mem
289 2079 418 2151 principis
427 2095 574 2151 vocemque
585 2078 667 2134 deum
678 2077 816 2134 vocubulis
827 2076 1004 2149 adpellentesr

206 2155 288 2227 quasi
295 2170 343 2226 per
352 2155 476 2213 virtutem
486 2152 550 2207 clari
560 2154 735 2226 honoratique
743 2170 829 2227 egere

240 2276 243 2283 .
263 2231 304 2283 46.
325 2229 365 2283 Ne
382 2235 470 2283 tumen
491 2226 608 2283 ludicrae
627 2235 730 2283 tentum
749 2228 917 2299 imperatoris
935 2236 1003 2282 artes

204 2311 383 2368 notescerent,
408 2303 559 2359 carminum
583 2319 692 2375 quoquo
713 2302 835 2357 studium
853 2300 1002 2367 adfectavit,

204 2379 354 2443 contractis,
375 2376 476 2449 quibus
494 2376 585 2448 eliqua
598 2376 731 2450 pangendi
747 2376 866 2441 facultas,
887 2377 1001 2432 necdum

203 2454 369 2527 insignibus.
392 2449 492 2526 [aetatis
502 2448 578 2525 nati]
613 2450 756 2507 Considere
765 2450 858 2517 simul,
869 2458 895 2505 et
903 2450 1003 2505 adlatos
1078 2451 1084 2462 ’

202 2527 247 2585 vel
267 2528 368 2583 ibidem
387 2534 504 2597 repertos
524 2542 618 2581 versus
637 2535 799 2590 ocnneemre,
820 2533 900 2596 etque
916 2524 1004 2594 ipsius

202 2600 509 2673 verbe,·quoquomodo
517 2599 627 2672 prolate,
641 2599 776 2672 supplere.
814 2598 893 2665 Quod
901 2597 1004 2668 species
1068 2596 1077 2615 ’

201 2679 263 2749 ipss
276 2676 428 2731 carminum
442 2674 525 2740 docet,
540 2692 594 2731 non
607 2675 702 2747 inpetu
713 2682 739 2729 et
748 2674 886 2739 instinctu,
900 2688 950 2729 nes
957 2689 1004 2727 ore

203 2769 259 2807 uno
277 2750 374 2806 fluens.
413 2750 501 2805 Etiam
518 2749 664 2822 supientiae
675 2748 827 2804 doctoribus
841 2754 948 2818 tempus
960 2747 1004 2801 in-

203 2824 333 2899 pertiebet
346 2830 406 2897 post
419 2822 522 2895 epulas,
537 2832 568 2879 ut
581 2824 710 2881 contrarie
723 2822 936 2877 adseverantium
946 2821 1004 2877 dis-

204 2900 308 2955 cordiae
327 2905 506 2955 cernerentur.
531 2899 600 2953 .Nec
618 2898 736 2961 deerant,
751 2897 800 2968 qui
813 2913 858 2951 ore
871 2896 1003 2967 vultuque
1020 2926 1026 2937 ·

202 2976 274 3031 tristi
284 2974 352 3029 inter
360 2972 550 3031 oblectamenta
560 2974 633 3047 regia
641 2973 755 3046 spectari
763 2979 899 3045 cuperent.
