2575 3734
291 480 341 535 362
570 482 808 533 aunartruu
951 472 1089 546 (numia.
1155 461 1156 486 ³

289 585 354 641 dine
362 584 498 641 moenitum
509 580 633 639 validam.
672 580 788 637 sabaeo
797 579 985 654 Nicephorius,
999 583 1092 637 amnis

289 658 364 717 haud
373 658 521 731 spernenda
530 656 678 722 latitudine,
688 665 791 728 partem
800 673 942 717 murorum
950 656 1050 712 ambit:
1065 665 1093 713 et

291 734 369 789 ducta
379 734 475 807 ingens
485 732 564 797 lossa,
575 749 628 804 qua
638 730 720 786 fluvio
729 730 908 786 dissidebatur.
927 731 1092 803 inerantque

290 806 389 865 milites
404 817 430 863 et
442 807 544 878 provisi
558 815 618 861 ante
631 814 807 861 commeatus:
847 822 945 861 uorum
956 804 1092 861 subvectu

291 884 379 955 pauci,
390 880 496 937 avidius
505 880 638 953 progressi
648 888 675 934 et
682 879 827 953 repentinis
856 878 959 935 ostibus
972 880 1093 935 circum-

293 959 373 1023 venti,
385 958 424 1012 ira
434 956 530 1029 magis,
541 972 623 1026 quam
633 962 825 1019 metu,oeteros
835 952 1017 1009 aooenderant.
1037 954 1091 1010 Sed
1156 981 1157 1022 p

291 1031 386 1087 Partho
396 1030 428 1086 ad
438 1028 620 1102 exsequendas
630 1028 780 1085 obsidiones
789 1028 863 1084 nulla
873 1029 997 1084 eominus
1006 1029 1091 1085 auda-

291 1124 345 1177 ora;
366 1105 433 1161 raris
442 1106 545 1177 sagittis
555 1120 643 1177 neque
651 1101 755 1159 clausos
765 1112 886 1168 exterret,
902 1111 928 1157 et
937 1113 1023 1159 semet
1033 1103 1090 1159 iru-
1157 1159 1158 1184 ¹

291 1187 398 1237 stratur.
436 1177 575 1244 Adiabeni,
586 1195 649 1233 oum
658 1194 813 1249 promovere
821 1177 906 1233 scalas
916 1188 941 1233 et
950 1177 1092 1234 machina·
1157 1187 1158 1216 r

292 1263 380 1311 menta
393 1253 548 1323 inciperent,
568 1252 644 1309 iaoile
656 1252 769 1315 detrusi,
789 1270 862 1319 mox,
884 1254 1090 1325 erumpentibus

292 1328 397 1390 nostris,
409 1326 563 1383 caeduntur.

346 1405 372 1457 ὅ.
392 1400 507 1457 Corbulo
520 1410 623 1469 tamen,
639 1403 766 1475 quamvis
784 1402 909 1458 secundis
922 1401 1004 1457 rebus
1017 1404 1089 1469 suis,

292 1475 482 1533 moderandum
497 1476 616 1533 iortunaa
629 1484 712 1543 ratus,
734 1477 808 1533 misit
820 1476 855 1532 ad
867 1475 1025 1551 Vologesen,
1040 1480 1091 1551 qni

291 1551 487 1624 expostularent
495 1556 547 1608 aim
553 1555 706 1620 provincias
714 1554 839 1607 inlotam:
852 1556 952 1607 socium
961 1557 1092 1607 amioum-

291 1645 340 1697 qua
352 1644 445 1697 repom,
461 1630 575 1681 cobortes
586 1626 716 1681 Romanos
729 1630 914 1703 circumsideri.
954 1626 1091 1682 omitteret

291 1708 376 1772 potius
394 1705 556 1765 obsidionem,
575 1710 623 1755 out
635 1718 663 1756 re
676 1718 778 1771 quoque
790 1704 818 1755 a'a
827 1719 893 1770 apro
901 1702 990 1756 hostili
999 1712 1092 1757 eastre

290 1783 444 1846 positarum.
484 1775 626 1847 Casperius
636 1776 755 1831 centurio
764 1775 793 1830 in
802 1792 861 1830 eam
871 1774 1027 1849 legationem
1039 1776 1091 1830 de-

292 1852 385 1919 lectus,
396 1850 467 1925 apud
476 1850 604 1924 oppidum
615 1849 732 1916 Nisibin,
742 1858 844 1922 septem
853 1860 878 1905 et
887 1850 997 1924 triginta
1005 1849 1090 1905 milli-

292 1928 343 1983 bus
351 1942 482 1999 passuum
494 1944 510 1980 a
523 1926 706 1999 Tigranocerta
718 1923 859 1981 dbmntem
872 1924 937 1979 adiit
951 1942 1054 1999 regem,
1065 1934 1092 1983 et

293 2002 414 2057 mandata
425 1999 543 2057 ferociter
552 1999 642 2056 edidit.
672 1998 795 2073 Vologesi
804 2007 881 2054 vetus
891 2008 917 2054 et
925 2000 1034 2071 penitus
1047 2000 1092 2056 in-

293 2077 377 2133 fixum
388 2084 451 2142 erat,
463 2094 536 2131 arma
545 2070 662 2131 Romana
672 2074 787 2130 vitandi:
809 2092 857 2129 nee
865 2075 1015 2146 praesentia
1026 2092 1092 2147 pro-

209 2216 215 2229 ·
292 2168 368 2223 spera
378 2148 501 2205 fluebant.
541 2148 654 2207 lnritum
663 2149 812 2204 obsidium:
833 2157 907 2205 tutus
916 2167 1000 2205 manu
1010 2158 1092 2205 etoo-

221 2222 231 2237 ⁶
292 2225 491 2300 piisTigranes:
506 2224 598 2299 fugati,
610 2225 659 2296 qui
669 2224 892 2299 expugnationem
901 2234 1089 2296 sumpserant:

185 2356 189 2363 ,
292 2301 390 2356 missae
404 2300 434 2353 in
446 2298 600 2355 Armeniam
614 2298 745 2373 legiones:
766 2308 792 2353 et
805 2298 871 2355 aliae
883 2316 932 2370 pro
942 2298 1030 2373 Syria,
1043 2316 1092 2371 pa-

291 2383 362 2431 ratae
372 2372 440 2429 ultro
449 2375 615 2445 inrumpere:
637 2374 690 2429 sibi
701 2372 859 2433 inbecillum
868 2374 986 2447 equitem
994 2373 1093 2447 pabuli

214 2460 220 2469 ·
291 2449 395 2521 inopia:
421 2465 483 2503 uam
496 2457 585 2503 exorta
600 2448 641 2503 vis
655 2447 817 2504 locustarum
831 2447 992 2515 ambederat,
1008 2448 1091 2521 quid-

292 2525 360 2598 quid
368 2522 509 2579 herbidum
519 2530 565 2577 aut
574 2520 738 2579 frondosum.
765 2523 859 2598 lgitur,
870 2532 943 2578 metu
953 2522 1088 2590 abstruso,

292 2600 397 2660 mitiora
406 2596 560 2661 obtendens,
568 2599 1091 2667 missurumadimperotoremlioutooam

293 2678 396 2744 lepotoa,
415 2689 492 2742 super
508 2676 619 2741 petenda
632 2673 755 2728 Armenio
769 2683 793 2728 et
807 2677 936 2743 firarondn
946 2691 1028 2743 paee,
1048 2691 1092 2729 re-

292 2748 412 2819 spondet.
450 2748 576 2803 Monesen
590 2752 706 2803 omittere
722 2748 908 2817 Tiproaoeertn
920 2746 1010 2817 iubet,
1031 2750 1090 2821 ipso

291 2830 360 2877 retro
369 2822 496 2877 concedit.
848 2875 851 2879 .

347 2900 372 2952 6.
393 2896 462 2968 llaec
480 2894 582 2969 plures,
601 2904 632 2951 ut
650 2894 791 2952 formidine
804 2897 875 2972 regis
889 2904 916 2953 et
929 2894 1089 2954 Corbulonis

201 2982 207 2997 '
293 2972 375 3029 minis
385 2978 494 3045 patrata,
506 2970 645 3047 magnifiee
656 2970 815 3027 extollebant
857 2970 922 3038 atii,
934 2976 1034 3029 occulta
1041 2990 1089 3042 po-
