2575 3734
313 480 362 534 ³36
586 484 826 533 ausanius
974 474 1113 548 (aaut.

312 584 473 659 tigabantur,
490 585 582 641 eadem
596 584 685 656 plura,
700 601 783 657 quam
797 584 920 657 gregario
933 583 1030 650 milite,
1048 584 1114 641 tolo-

312 668 394 717 rante.
434 660 549 717 Ventum
568 659 670 715 dehine*
678 659 708 714 in
721 658 793 715 iooos
805 658 900 722 auitos,
920 658 1113 732 demessaeque

312 742 424 808 segetes,
447 743 473 789 et
490 752 523 790 ax
542 734 648 790 duobus
666 732 792 799 moitis,
813 732 843 788 in
856 750 927 805 quae
939 732 1112 808 confugerant

312 810 442 875 Amenii,
453 808 566 869 alterum
576 810 669 881 inpetu
678 815 799 880 oapmm3
811 808 861 879 qni
872 808 989 879 primam
1000 810 1060 864 vim
1069 810 1112 864 de-

311 883 444 957 potierant,
455 883 594 939 obsidione
602 890 743 957 oogtrntur.
772 882 848 938 Unde
856 883 885 938 in
894 883 1033 955 regionem
1044 884 1111 939 Tau-

311 960 429 1014 rsntium
444 966 640 1030 uamgrsssue,
659 957 828 1029 inprovisum
841 955 993 1029 perieulum
1007 958 1107 1013 vitavit.

1157 355 1159 434 i

312 1034 381 1088 Nam
390 1032 463 1087 haud
471 1031 564 1103 procul
574 1031 687 1088 tentorio
695 1032 764 1097 eius,
781 1046 835 1086 non
845 1031 972 1105 ignobilis
981 1032 1109 1088 barbaros
1157 1057 1158 1066 ¹

312 1196 368 1245 rem
379 1189 405 1234 et
413 1180 499 1235 socios
510 1196 557 1250 per
565 1188 696 1235 tormenta
705 1180 797 1246 edidit,
812 1179 980 1253 eonviotique
989 1189 1017 1241 et
1025 1184 1109 1254 puniti

193 1106 198 1125 ⁸
312 1124 375 1163 eum
395 1106 447 1161 teio
464 1113 595 1177 repertus,
610 1106 732 1162 ordinem
744 1105 915 1172 insidiarum,
930 1116 1110 1179 smeauoto-
1157 1119 1158 1128 ¹

312 1263 385 1318 sont,
396 1255 446 1325 qni
455 1254 545 1325 speeie
553 1254 787 1311 amicitiaedoium
795 1254 933 1325 parabant.
963 1256 1022 1311 Nee
1030 1256 1108 1311 multo
1157 1287 1158 1290 =

311 1336 371 1401 post
384 1328 463 1401 legati
473 1328 657 1403 Tigranooerta
667 1330 755 1395 missi,
767 1338 858 1397 potere
866 1334 968 1385 moenio
977 1330 1106 1396 adierint,

308 1410 423 1458 intentos
437 1406 576 1471 popularis
592 1408 628 1458 ud
640 1408 721 1459 tussa
759 1401 847 1459 Simul
858 1402 990 1476 hospitale
998 1405 1106 1468 donum,

312 1494 435 1534 eoronam
446 1494 563 1542 auream,
575 1476 721 1533 tradebant.
756 1476 916 1551 Aeeapitque
925 1496 990 1533 cnm
998 1479 1105 1543 honore.

313 1570 361 1608 neo
370 1553 520 1625 quidquam
530 1552 592 1607 urbi
599 1551 818 1625 detractum‚quo
826 1554 976 1624 promptius
985 1554 1108 1627 obsequi-

313 1644 360 1683 um
370 1629 467 1701 integri
479 1628 629 1683 retinerent.
858 1685 860 1688 ,

366 1706 409 1760 25.
430 1702 465 1757 At
481 1701 644 1773 praesidium
664 1702 780 1774 regium,
800 1701 874 1773 quod
892 1700 967 1757 ferox
985 1702 1108 1759 inventos

312 1778 450 1842 clauserat,
467 1792 520 1832 non
533 1777 593 1831 sine
604 1777 749 1831 eertamine
761 1784 943 1849 expugnatum
952 1785 1003 1831 est.
1046 1779 1108 1833 Nam

312 1861 338 1907 et
351 1850 482 1924 proelium
496 1866 545 1923 pro
559 1850 646 1905 muris
660 1850 720 1905 ansi
730 1859 812 1915 erant,
823 1858 849 1904 et
857 1850 931 1921 pulsi
940 1851 1013 1907 intra
1023 1853 1109 1907 muni·

312 1935 401 1981 menta
410 1927 514 2000 aggeris
524 1924 897 1995 demumstinrumpentium
903 1926 1107 1982 armisoessere:

312 2017 381 2073 qnae
394 1998 500 2057 faoilins
513 1999 713 2073 proveniebant,
729 2001 793 2071 qnia
807 2000 897 2054 Parthi
909 1998 1036 2074 Hyreano
1044 2001 1110 2057 bollo

311 2074 515 2131 distinebantur.
554 2076 736 2146 Miserantque
762 2074 877 2148 Hyreani
904 2074 939 2129 ad
960 2077 1110 2149 prinoipem

212 2211 215 2217 ,
311 2151 471 2214 Romanum,
488 2150 638 2205 sodetatem
651 2158 765 2215 oratum,
781 2153 895 2204 adtineri
907 2166 962 2204 ose
976 2150 1110 2221 Volopssss

308 2242 360 2294 pro
377 2228 486 2293 pipnora
505 2228 638 2279 amicitiae
655 2231 824 2279 ostentantes.
862 2224 916 2278 an
932 2224 1109 2298 regrediente

311 2298 437 2364 Corbulo,
458 2314 492 2353 ne
506 2298 661 2371 Euphraten
674 2298 831 2371 transgressi
850 2298 968 2354 hostium
982 2302 1109 2357 custodis

311 2374 578 2439 eiroumvenirentur,
589 2373 651 2429 dato
659 2374 800 2447 praesidio,
811 2371 931 2428 adlitora
942 2375 1030 2429 maris
1039 2372 1110 2431 rubri

312 2447 436 2503 deduxit:
457 2447 539 2512 unde,
562 2449 653 2503 minda
665 2448 823 2504 Parthorum
837 2445 948 2513 finibus,
967 2451 1072 2520 patrias
1085 2452 1109 2505 in

312 2522 388 2579 sedes
396 2536 556 2578 remeavere.

271 2632 277 2639 ·
366 2600 409 2657 tt.
430 2596 502 2663 Quin
517 2604 543 2651 at
556 2595 700 2662 Tiridaten,
720 2612 769 2668 per
781 2596 871 2652 hiedoe
889 2598 1127 2653 extremadrme·

313 2674 373 2728 niae
381 2674 533 2761 intrantem,
548 2672 697 2761 praemisso
706 2682 768 2761 oum
778 2670 888 2759 auxiliis
896 2670 1032 2727 Verulano
1042 2672 1110 2747 iega-

312 2744 1108 2893 tritittrttttttitht‘hhittdhttht

313 2901 479 2965 eognoverat,
490 2894 616 2949 caedibus
626 2894 689 2947 etin
758 2895 774 2909 '⁶
796 2892 1108 2967 perpopulatunpossas-

313 2968 415 3022 sionem
429 2964 570 3022 Armeniae
583 2967 743 3038 usurpabat:
767 2984 829 3046 enm
847 2968 956 3024 advenit
970 2967 1107 3042 Tigranes,
