2575 3734
268 478 350 524 nin.
369 476 406 522 IL
425 475 515 524 cAP.
534 472 654 524 87ι-88,
674 469 708 543 (a.
720 489 743 526 n.
754 481 800 524 iti.
811 489 832 526 a.
844 491 866 528 c.
878 475 923 548 it.)
966 478 1004 532 et

190 585 276 650 gusta
291 585 320 631 et
335 575 443 631 lubrica
457 578 546 632 oratio
558 577 612 634 sub
623 578 766 650 principe,
783 581 832 652 qui
847 579 1001 638 libertatem

191 651 352 715 metuebat,
368 651 557 706 adulationem
570 651 674 707 oderat.

248 729 296 780 88.
317 725 436 798 Reperio
447 725 523 798 apud
537 727 685 798 scriptores
695 733 891 799 senatoresque
901 745 1001 786 eorun-

191 800 258 856 dem
276 810 450 871 temporum,
466 799 676 872 Adgandestrii,
696 801 836 874 principis
850 802 998 870 Cattorum,

192 875 281 932 lectas
291 877 324 930 iu
332 882 431 932 senatu
441 874 555 938 litteras,
567 875 671 946 quibus
681 885 797 932 mortem
807 876 926 934 Arminii
935 895 1001 950 pro-

192 949 333 1013 mittebat,
348 950 374 1004 si
388 947 539 1020 patrandae
549 951 612 1004 neci
621 967 759 1006 venenum
773 952 940 1008 mitteretur:
956 971 1001 1010 re-

191 1041 329 1096 sponsum
339 1040 412 1088 esse,
421 1027 589 1092 aoajrnudc,
599 1041 680 1093 aeque
689 1029 806 1091 occultis,
816 1032 862 1081 red
872 1030 963 1094 palum
975 1037 1000 1084 ri

189 1109 327 1154 mam
341 1101 468 1168 populum
479 1099 622 1152 somnum
633 1101 717 1154 tortu
729 1117 790 1155 suos
802 1104 904 1156 ulcisci.
939 1100 999 1170 Qua

190 1174 282 1246 gloria
301 1172 441 1244 aequabat
459 1189 491 1226 se
504 1171 632 1227 Tiberius
650 1175 752 1244 priscis
771 1175 993 1247 imperatoribus,

190 1250 240 1320 qui
250 1265 395 1303 venenum
408 1249 438 1301 in
449 1247 586 1320 Pyrrhum
600 1263 694 1320 regem
709 1257 851 1305 vetuerant
864 1251 997 1322 prodide-

163 1344 169 1357 ·
189 1332 321 1393 ronique.
343 1322 471 1378 Ceterum
480 1320 633 1387 Arminius,
645 1323 857 1379 abscedentibus
866 1327 996 1383 Romanis

191 1405 218 1452 et
231 1397 319 1468 pulso
332 1395 513 1460 Maroboduo,
532 1413 649 1468 regnum
665 1396 819 1464 adfectans,
840 1399 995 1456 libertatem

190 1471 373 1542 popularium
385 1469 528 1524 adversam
538 1470 646 1536 babuit,
658 1473 816 1544 petitusque
827 1475 920 1534 ermis.
931 1493 995 1530 curn

191 1547 270 1601 varia
290 1544 402 1601 fortuna
419 1541 547 1610 certaret,
568 1545 630 1600 dolo
644 1548 863 1619 propinquorum
878 1550 992 1605 occidite

191 1619 325 1675 liberator
339 1619 415 1674 haud
427 1618 513 1674 dubie
523 1620 695 1686 Germaniae,
711 1629 737 1676 et
747 1624 797 1693 qui
807 1639 862 1677 non
876 1625 995 1695 prirnor-

191 1695 239 1750 dia
258 1694 360 1766 populi
371 1694 450 1750 Rom.
466 1694 601 1753 sioutalii
615 1713 696 1770 reges
711 1695 866 1768 ducesque,
882 1698 932 1752 sed
946 1697 996 1752 llo·

190 1769 386 1826 tentissimum
403 1769 552 1840 imperium
571 1769 738 1826 lacessierit:
768 1763 996 1841 proeliis'ambi-

190 1861 275 1918 gaus,
291 1843 369 1898 bello
381 1859 436 1900 non
447 1845 549 1900 victru.
568 1843 682 1916 Septem
692 1853 719 1900 et
731 1845 844 1916 triginta
855 1861 940 1900 annos
953 1847 995 1900 vi·

191 1929 244 1986 tae,
260 1918 411 1974 duodecim
423 1918 713 1990 potentiaeerpievit:
731 1919 893 1990 caniuuque
903 1920 994 1976 adhuc

191 1995 325 2050 barbaras
334 1993 409 2065 apud
416 2001 525 2066 gentem
537 1994 705 2048 Graecorum
714 1993 860 2048 annalibus
871 1995 991 2067 ignotus,

191 2070 241 2141 qui
262 2086 314 2124 sua
334 2075 441 2123 tanturn
460 2068 609 2123 mirantur:
635 2068 764 2122 Romanis
784 2067 858 2122 baud
877 2069 993 2140 perinde

192 2143 323 2207 celebris¹
330 2143 396 2200 dum
408 2151 500 2198 vetera
510 2143 679 2208 extollimus,
686 2144 838 2200 recentium
848 2145 991 2200 incuriosi.

481 2309 712 2341 -ιοοᾷοω-

400 2442 537 2497 LIBER
575 2444 784 2500 TERTIUS.

240 2631 419 2675 Brerirrium.
434 2631 486 2682 cip.
495 2633 514 2673 i.
521 2633 644 2683 Agrippina,
654 2645 703 2674 cnm
712 2635 839 2683 nmaieraii,
847 2643 925 2682 magno
933 2635 992 2683 pian-
1038 2637 1044 2652 '

191 2705 227 2742 ctu
234 2704 317 2751 purim
326 2702 439 2750 excipitur.
465 2702 485 2739 a.
497 2700 605 2740 laeuum
613 2703 725 2742 solemnis.
742 2703 849 2742 Primores
858 2701 917 2742 urbis
926 2701 992 2742 obvii.

191 2771 209 2809 t.
218 2770 325 2815 mornas,
334 2768 435 2817 Anasta
443 2770 466 2806 et
473 2766 568 2806 maia
575 2767 661 2816 publico
670 2769 784 2810 ament.
802 2769 822 2808 4.
831 2769 916 2809 iioeror
924 2769 993 2819 pubii-

191 2845 236 2876 ω.
257 2836 278 2877 t.
290 2835 401 2882 mains,
414 2843 492 2883 parcus
499 2834 722 2876 sirminironoranuo
730 2836 812 2882 mnus,
834 2837 854 2875 t.
868 2841 957 2877 ueneat
969 2845 993 2877 se

191 2906 213 2941 et
220 2901 324 2950 populum
332 2903 405 2950 sugit.
419 2902 440 2941 i.
448 2901 558 2942 inuium
566 2903 678 2942 omissum.
693 2903 778 2942 Drusus
787 2903 814 2942 ad
823 2902 921 2952 illyricos
931 2913 993 2944 esan

192 2970 246 3007 citus
262 2968 318 3015 abiu
345 2969 365 3007 8.
378 2969 429 3010 Piso
445 2969 473 3008 ad
490 2969 595 3015 murum,
621 2969 641 3007 9.
660 2967 709 3007 inde
726 2968 814 3008 Romam
832 2970 896 3010 riseri
914 2971 992 3010 animo.

191 3035 223 3074 iii.
232 3033 284 3074 lior
292 3041 413 3087 secuntur.
431 3037 533 3086 Prmeeps
542 3045 640 3076 canuam
649 3035 677 3074 ad
686 3037 783 3074 meum
792 3036 888 3076 remittit.
907 3037 938 3074 ii.
952 3035 992 3074 Pr·

738 3085 790 3140 Ga
