<?xml version="1.0" encoding="UTF-8"?>
<!DOCTYPE html PUBLIC "-//W3C//DTD XHTML 1.0 Transitional//EN"
    "http://www.w3.org/TR/xhtml1/DTD/xhtml1-transitional.dtd">
<html xmlns="http://www.w3.org/1999/xhtml" xml:lang="en" lang="en">
 <head>
  <title>
</title>
<meta http-equiv="Content-Type" content="text/html;charset=utf-8" />
  <meta name='ocr-system' content='tesseract 3.04.00' />
  <meta name='ocr-capabilities' content='ocr_page ocr_carea ocr_par ocr_line ocrx_word'/>
</head>
<body>
  <div class='ocr_page' id='page_1' title='image "./operaquoadextan02tacigoog_0239.png"; bbox 0 0 2575 3734; ppageno 0'>
   <div class='ocr_carea' id='block_1_1' title="bbox 124 287 196 472">
    <p class='ocr_par' dir='ltr' id='par_1_1' title="bbox 124 287 281 484">
     <span class='ocr_line' id='line_1_1' title="bbox 124 287 196 472; baseline -0.006 -180"><span class='ocrx_word' id='word_1_1' title='bbox 124 287 196 472; x_wconf 34' lang='lat' dir='ltr'>s</span> 
     </span>
    </p>
   </div>
   <div class='ocr_carea' id='block_1_2' title="bbox 188 490 989 566">
    <p class='ocr_par' dir='ltr' id='par_1_2' title="bbox 188 490 989 566">
     <span class='ocr_line' id='line_1_2' title="bbox 188 490 989 566; baseline 0.005 -17"><span class='ocrx_word' id='word_1_2' title='bbox 188 490 314 566; x_wconf 55' lang='lat' dir='ltr'><strong>scut.)</strong></span> <span class='ocrx_word' id='word_1_3' title='bbox 425 500 576 550; x_wconf 82' lang='lat' dir='ltr'><strong>n1o.x1.</strong></span> <span class='ocrx_word' id='word_1_4' title='bbox 596 503 684 550; x_wconf 79' lang='lat' dir='ltr'><strong>css.</strong></span> <span class='ocrx_word' id='word_1_5' title='bbox 705 504 729 551; x_wconf 83' lang='lat' dir='ltr'><strong>r.</strong></span> <span class='ocrx_word' id='word_1_6' title='bbox 750 504 775 550; x_wconf 85' lang='lat' dir='ltr'><strong>a.</strong></span> <span class='ocrx_word' id='word_1_7' title='bbox 942 498 989 553; x_wconf 74' lang='lat' dir='ltr'><strong>ost</strong></span> 
     </span>
    </p>
   </div>
   <div class='ocr_carea' id='block_1_3' title="bbox 166 602 1066 3071">
    <p class='ocr_par' dir='ltr' id='par_1_3' title="bbox 186 602 1066 1799">
     <span class='ocr_line' id='line_1_3' title="bbox 186 602 995 672; baseline 0.005 -16"><span class='ocrx_word' id='word_1_8' title='bbox 186 605 280 671; x_wconf 75' lang='lat' dir='ltr'><strong>inepto</strong></span> <span class='ocrx_word' id='word_1_9' title='bbox 288 603 483 666; x_wconf 64' lang='lat' dir='ltr'><strong>otoooatorum</strong></span> <span class='ocrx_word' id='word_1_10' title='bbox 491 604 638 670; x_wconf 78' lang='lat' dir='ltr'><strong>potentibus</strong></span> <span class='ocrx_word' id='word_1_11' title='bbox 647 604 777 656; x_wconf 80' lang='lat' dir='ltr'><strong>obnooiaa</strong></span> <span class='ocrx_word' id='word_1_12' title='bbox 784 605 827 657; x_wconf 78' lang='lat' dir='ltr'><strong>stt.</strong></span> <span class='ocrx_word' id='word_1_13' title='bbox 852 602 942 672; x_wconf 69' lang='lat' dir='ltr'><strong>Neque</strong></span> <span class='ocrx_word' id='word_1_14' title='bbox 952 612 995 660; x_wconf 90' lang='lat' dir='ltr'><strong>to-</strong></span> 
     </span>
     <span class='ocr_line' id='line_1_4' title="bbox 187 679 994 749; baseline 0.002 -17"><span class='ocrx_word' id='word_1_15' title='bbox 187 695 248 732; x_wconf 82' lang='lat' dir='ltr'><strong>men</strong></span> <span class='ocrx_word' id='word_1_16' title='bbox 265 679 439 745; x_wconf 74' lang='lat' dir='ltr'><strong>eloquentiam</strong></span> <span class='ocrx_word' id='word_1_17' title='bbox 456 681 574 744; x_wconf 74' lang='lat' dir='ltr'><strong>orotatto</strong></span> <span class='ocrx_word' id='word_1_18' title='bbox 589 679 750 744; x_wconf 70' lang='lat' dir='ltr'><strong>conttnqsm:</strong></span> <span class='ocrx_word' id='word_1_19' title='bbox 770 680 856 730; x_wconf 81' lang='lat' dir='ltr'><strong>omitti</strong></span> <span class='ocrx_word' id='word_1_20' title='bbox 864 683 994 749; x_wconf 72' lang='lat' dir='ltr'><strong>caroasc-</strong></span> 
     </span>
     <span class='ocr_line' id='line_1_5' title="bbox 186 753 996 819; baseline 0.002 -13"><span class='ocrx_word' id='word_1_21' title='bbox 186 755 313 814; x_wconf 76' lang='lat' dir='ltr'><strong>mitiaris,</strong></span> <span class='ocrx_word' id='word_1_22' title='bbox 333 758 364 804; x_wconf 83' lang='lat' dir='ltr'><strong>ut</strong></span> <span class='ocrx_word' id='word_1_23' title='bbox 381 753 440 818; x_wconf 77' lang='lat' dir='ltr'><strong>caia</strong></span> <span class='ocrx_word' id='word_1_24' title='bbox 453 766 481 804; x_wconf 78' lang='lat' dir='ltr'><strong>aa</strong></span> <span class='ocrx_word' id='word_1_25' title='bbox 498 753 593 806; x_wconf 82' lang='lat' dir='ltr'><strong>olienis</strong></span> <span class='ocrx_word' id='word_1_26' title='bbox 611 755 722 819; x_wconf 78' lang='lat' dir='ltr'><strong>noootiis</strong></span> <span class='ocrx_word' id='word_1_27' title='bbox 734 755 859 805; x_wconf 77' lang='lat' dir='ltr'><strong>intendat.</strong></span> <span class='ocrx_word' id='word_1_28' title='bbox 897 753 996 809; x_wconf 77' lang='lat' dir='ltr'><strong>Multos</strong></span> 
     </span>
     <span class='ocr_line' id='line_1_6' title="bbox 187 827 996 894; baseline -0.002 -13"><span class='ocrx_word' id='word_1_29' title='bbox 187 829 295 892; x_wconf 80' lang='lat' dir='ltr'><strong>mititto,</strong></span> <span class='ocrx_word' id='word_1_30' title='bbox 307 828 433 894; x_wconf 76' lang='lat' dir='ltr'><strong>quosdam</strong></span> <span class='ocrx_word' id='word_1_31' title='bbox 443 829 588 880; x_wconf 76' lang='lat' dir='ltr'><strong>manendo</strong></span> <span class='ocrx_word' id='word_1_32' title='bbox 595 841 676 894; x_wconf 71' lang='lat' dir='ltr'><strong>noros</strong></span> <span class='ocrx_word' id='word_1_33' title='bbox 684 827 797 880; x_wconf 71' lang='lat' dir='ltr'><strong>totorum</strong></span> <span class='ocrx_word' id='word_1_34' title='bbox 805 830 895 881; x_wconf 83' lang='lat' dir='ltr'><strong>citom.</strong></span> <span class='ocrx_word' id='word_1_35' title='bbox 921 827 996 881; x_wconf 77' lang='lat' dir='ltr'><strong>Nihil</strong></span> 
     </span>
     <span class='ocr_line' id='line_1_7' title="bbox 188 904 997 1044; baseline 0.012 -12"><span class='ocrx_word' id='word_1_36' title='bbox 188 905 626 1039; x_wconf 53' lang='lat' dir='ltr'><strong>ibiiffl&#39;sm&#39;riieiif</strong></span> <span class='ocrx_word' id='word_1_37' title='bbox 638 904 997 1044; x_wconf 51' lang='lat' dir='ltr'><strong>immiti</strong></span> 
     </span>
     <span class='ocr_line' id='line_1_8' title="bbox 188 1052 997 1121; baseline 0.001 -16"><span class='ocrx_word' id='word_1_38' title='bbox 188 1060 259 1106; x_wconf 87' lang='lat' dir='ltr'><strong>stom</strong></span> <span class='ocrx_word' id='word_1_39' title='bbox 274 1053 400 1105; x_wconf 75' lang='lat' dir='ltr'><strong>bellorum</strong></span> <span class='ocrx_word' id='word_1_40' title='bbox 405 1053 533 1118; x_wconf 74' lang='lat' dir='ltr'><strong>praemiis</strong></span> <span class='ocrx_word' id='word_1_41' title='bbox 544 1053 662 1120; x_wconf 67' lang='lat' dir='ltr'><strong>refotos,</strong></span> <span class='ocrx_word' id='word_1_42' title='bbox 675 1058 723 1104; x_wconf 81' lang='lat' dir='ltr'><strong>out</strong></span> <span class='ocrx_word' id='word_1_43' title='bbox 731 1054 826 1104; x_wconf 80' lang='lat' dir='ltr'><strong>ditium</strong></span> <span class='ocrx_word' id='word_1_44' title='bbox 833 1052 997 1121; x_wconf 71' lang='lat' dir='ltr'><strong>sortitionem</strong></span> 
     </span>
     <span class='ocr_line' id='line_1_9' title="bbox 189 1123 997 1193; baseline -0.002 -12"><span class='ocrx_word' id='word_1_45' title='bbox 189 1129 296 1181; x_wconf 64' lang='lat' dir='ltr'><strong>medes</strong></span> <span class='ocrx_word' id='word_1_46' title='bbox 303 1124 458 1180; x_wconf 67' lang='lat' dir='ltr'><strong>Aeserninos</strong></span> <span class='ocrx_word' id='word_1_47' title='bbox 468 1123 650 1188; x_wconf 66' lang='lat' dir='ltr'><strong>strimottoe,</strong></span> <span class='ocrx_word' id='word_1_48' title='bbox 660 1129 997 1193; x_wconf 74' lang='lat' dir='ltr'><strong>moonomontmomtndo-</strong></span> 
     </span>
     <span class='ocr_line' id='line_1_10' title="bbox 189 1199 1066 1268; baseline -0.002 -13"><span class='ocrx_word' id='word_1_49' title='bbox 189 1205 260 1256; x_wconf 74' lang='lat' dir='ltr'><strong>toas·</strong></span> <span class='ocrx_word' id='word_1_50' title='bbox 281 1200 406 1268; x_wconf 81' lang='lat' dir='ltr'><strong>Prompto</strong></span> <span class='ocrx_word' id='word_1_51' title='bbox 415 1201 466 1254; x_wconf 80' lang='lat' dir='ltr'><strong>sibi</strong></span> <span class='ocrx_word' id='word_1_52' title='bbox 474 1201 602 1267; x_wconf 64' lang='lat' dir='ltr'><strong>mertolo,</strong></span> <span class='ocrx_word' id='word_1_53' title='bbox 612 1203 719 1268; x_wconf 82' lang='lat' dir='ltr'><strong>quantis</strong></span> <span class='ocrx_word' id='word_1_54' title='bbox 726 1203 886 1255; x_wconf 78' lang='lat' dir='ltr'><strong>mercedibus</strong></span> <span class='ocrx_word' id='word_1_55' title='bbox 895 1201 922 1254; x_wconf 89' lang='lat' dir='ltr'><strong>P.</strong></span> <span class='ocrx_word' id='word_1_56' title='bbox 936 1199 997 1254; x_wconf 81' lang='lat' dir='ltr'><strong>Clo·</strong></span> <span class='ocrx_word' id='word_1_57' title='bbox 1064 1258 1066 1261; x_wconf 63' lang='grc'>,</span> 
     </span>
     <span class='ocr_line' id='line_1_11' title="bbox 189 1273 997 1339; baseline 0 -9"><span class='ocrx_word' id='word_1_58' title='bbox 189 1280 251 1330; x_wconf 74' lang='lat' dir='ltr'><strong>diets</strong></span> <span class='ocrx_word' id='word_1_59' title='bbox 259 1283 309 1330; x_wconf 82' lang='lat' dir='ltr'><strong>ont</strong></span> <span class='ocrx_word' id='word_1_60' title='bbox 320 1273 348 1330; x_wconf 84' lang='lat'><strong>0.</strong></span> <span class='ocrx_word' id='word_1_61' title='bbox 360 1273 440 1329; x_wconf 72' lang='lat' dir='ltr'><strong>Cotto</strong></span> <span class='ocrx_word' id='word_1_62' title='bbox 450 1277 601 1328; x_wconf 83' lang='lat' dir='ltr'><strong>concionari</strong></span> <span class='ocrx_word' id='word_1_63' title='bbox 609 1276 683 1328; x_wconf 80' lang='lat' dir='ltr'><strong>soliti</strong></span> <span class='ocrx_word' id='word_1_64' title='bbox 690 1277 752 1329; x_wconf 81' lang='lat' dir='ltr'><strong>aiot.</strong></span> <span class='ocrx_word' id='word_1_65' title='bbox 776 1275 823 1339; x_wconf 73' lang='lat' dir='ltr'><strong>se,</strong></span> <span class='ocrx_word' id='word_1_66' title='bbox 833 1279 948 1330; x_wconf 77' lang='lat' dir='ltr'><strong>modicos</strong></span> <span class='ocrx_word' id='word_1_67' title='bbox 955 1291 997 1330; x_wconf 81' lang='lat' dir='ltr'><strong>ae-</strong></span> 
     </span>
     <span class='ocr_line' id='line_1_12' title="bbox 189 1351 995 1422; baseline -0.002 -16"><span class='ocrx_word' id='word_1_68' title='bbox 189 1359 305 1414; x_wconf 82' lang='lat' dir='ltr'><strong>notorca,</strong></span> <span class='ocrx_word' id='word_1_69' title='bbox 317 1352 405 1418; x_wconf 82' lang='lat' dir='ltr'><strong>quieto</strong></span> <span class='ocrx_word' id='word_1_70' title='bbox 417 1365 485 1417; x_wconf 70' lang='lat' dir='ltr'><strong>rem,</strong></span> <span class='ocrx_word' id='word_1_71' title='bbox 495 1351 571 1403; x_wconf 82' lang='lat' dir='ltr'><strong>nulio</strong></span> <span class='ocrx_word' id='word_1_72' title='bbox 579 1353 633 1402; x_wconf 82' lang='lat' dir='ltr'><strong>uisi</strong></span> <span class='ocrx_word' id='word_1_73' title='bbox 640 1353 718 1422; x_wconf 70' lang='lat' dir='ltr'><strong>mois</strong></span> <span class='ocrx_word' id='word_1_74' title='bbox 726 1352 894 1405; x_wconf 79' lang='lat' dir='ltr'><strong>mwlommto</strong></span> <span class='ocrx_word' id='word_1_75' title='bbox 900 1358 995 1418; x_wconf 78' lang='lat' dir='ltr'><strong>petere.</strong></span> 
     </span>
     <span class='ocr_line' id='line_1_13' title="bbox 192 1423 997 1495; baseline -0.004 -14"><span class='ocrx_word' id='word_1_76' title='bbox 192 1424 439 1495; x_wconf 70' lang='lat' dir='ltr'><strong>Goottoretptrbem,</strong></span> <span class='ocrx_word' id='word_1_77' title='bbox 451 1439 518 1492; x_wconf 81' lang='lat' dir='ltr'><strong>quoe</strong></span> <span class='ocrx_word' id='word_1_78' title='bbox 528 1428 753 1492; x_wconf 75' lang='lat' dir='ltr'><strong>toooenttsaceret.</strong></span> <span class='ocrx_word' id='word_1_79' title='bbox 785 1423 997 1480; x_wconf 62' lang='lat' dir='ltr'><strong>&amp;obtusitati-</strong></span> 
     </span>
     <span class='ocr_line' id='line_1_14' title="bbox 189 1498 1057 1568; baseline 0.002 -13"><span class='ocrx_word' id='word_1_80' title='bbox 189 1515 268 1555; x_wconf 84' lang='lat' dir='ltr'><strong>oram</strong></span> <span class='ocrx_word' id='word_1_81' title='bbox 276 1501 380 1568; x_wconf 79' lang='lat' dir='ltr'><strong>pretiis,</strong></span> <span class='ocrx_word' id='word_1_82' title='bbox 395 1502 474 1552; x_wconf 82' lang='lat' dir='ltr'><strong>stiam</strong></span> <span class='ocrx_word' id='word_1_83' title='bbox 487 1502 576 1553; x_wconf 76' lang='lat' dir='ltr'><strong>studio</strong></span> <span class='ocrx_word' id='word_1_84' title='bbox 586 1501 716 1568; x_wconf 78' lang='lat' dir='ltr'><strong>peritura</strong></span> <span class='ocrx_word' id='word_1_85' title='bbox 754 1498 789 1554; x_wconf 87' lang='lat' dir='ltr'><strong>Ut</strong></span> <span class='ocrx_word' id='word_1_86' title='bbox 802 1498 998 1558; x_wconf 74' lang='lat' dir='ltr'><strong>minusdeoota</strong></span> <span class='ocrx_word' id='word_1_87' title='bbox 1055 1563 1057 1567; x_wconf 14' lang='lat'><em>7</em></span> 
     </span>
     <span class='ocr_line' id='line_1_15' title="bbox 190 1571 996 1645; baseline -0.001 -16"><span class='ocrx_word' id='word_1_88' title='bbox 190 1574 267 1640; x_wconf 83' lang='lat' dir='ltr'><strong>hacc,</strong></span> <span class='ocrx_word' id='word_1_89' title='bbox 289 1573 327 1628; x_wconf 86' lang='lat' dir='ltr'><strong>ita</strong></span> <span class='ocrx_word' id='word_1_90' title='bbox 347 1571 421 1627; x_wconf 86' lang='lat' dir='ltr'><strong>baud</strong></span> <span class='ocrx_word' id='word_1_91' title='bbox 434 1571 533 1628; x_wconf 87' lang='lat' dir='ltr'><strong>frustra</strong></span> <span class='ocrx_word' id='word_1_92' title='bbox 545 1572 614 1628; x_wconf 90' lang='lat' dir='ltr'><strong>dicta</strong></span> <span class='ocrx_word' id='word_1_93' title='bbox 628 1573 754 1645; x_wconf 86' lang='lat' dir='ltr'><strong>princeps</strong></span> <span class='ocrx_word' id='word_1_94' title='bbox 762 1581 847 1640; x_wconf 86' lang='lat' dir='ltr'><strong>ratus,</strong></span> <span class='ocrx_word' id='word_1_95' title='bbox 859 1573 996 1645; x_wconf 70' lang='lat' dir='ltr'><strong>capiendis</strong></span> 
     </span>
     <span class='ocr_line' id='line_1_16' title="bbox 191 1646 996 1722; baseline -0.002 -18"><span class='ocrx_word' id='word_1_96' title='bbox 191 1648 320 1722; x_wconf 83' lang='lat' dir='ltr'><strong>pecuniis</strong></span> <span class='ocrx_word' id='word_1_97' title='bbox 330 1648 421 1719; x_wconf 83' lang='lat' dir='ltr'><strong>posuit</strong></span> <span class='ocrx_word' id='word_1_98' title='bbox 434 1646 544 1703; x_wconf 88' lang='lat' dir='ltr'><strong>modum</strong></span> <span class='ocrx_word' id='word_1_99' title='bbox 554 1665 643 1720; x_wconf 89' lang='lat' dir='ltr'><strong>usque</strong></span> <span class='ocrx_word' id='word_1_100' title='bbox 652 1647 687 1702; x_wconf 87' lang='lat' dir='ltr'><strong>ad</strong></span> <span class='ocrx_word' id='word_1_101' title='bbox 694 1648 764 1704; x_wconf 85' lang='lat' dir='ltr'><strong>dena</strong></span> <span class='ocrx_word' id='word_1_102' title='bbox 771 1648 902 1713; x_wconf 74' lang='lat' dir='ltr'><strong>samua,</strong></span> <span class='ocrx_word' id='word_1_103' title='bbox 913 1665 996 1720; x_wconf 89' lang='lat' dir='ltr'><strong>quem</strong></span> 
     </span>
     <span class='ocr_line' id='line_1_17' title="bbox 192 1721 688 1799; baseline -0.002 -20"><span class='ocrx_word' id='word_1_104' title='bbox 192 1723 297 1799; x_wconf 79' lang='lat' dir='ltr'>egressi</span> <span class='ocrx_word' id='word_1_105' title='bbox 306 1721 514 1794; x_wconf 86' lang='lat' dir='ltr'><strong>repetundarum</strong></span> <span class='ocrx_word' id='word_1_106' title='bbox 525 1729 688 1778; x_wconf 87' lang='lat' dir='ltr'><strong>tenerentur.</strong></span> 
     </span>
    </p>

    <p class='ocr_par' dir='ltr' id='par_1_4' title="bbox 192 1795 998 2166">
     <span class='ocr_line' id='line_1_18' title="bbox 248 1795 998 1869; baseline -0.001 -16"><span class='ocrx_word' id='word_1_107' title='bbox 248 1803 276 1854; x_wconf 83' lang='grc'><strong>8.</strong></span> <span class='ocrx_word' id='word_1_108' title='bbox 287 1797 347 1853; x_wconf 87' lang='lat' dir='ltr'><strong>Sub</strong></span> <span class='ocrx_word' id='word_1_109' title='bbox 354 1797 427 1852; x_wconf 86' lang='lat' dir='ltr'><strong>idem</strong></span> <span class='ocrx_word' id='word_1_110' title='bbox 436 1804 543 1869; x_wconf 87' lang='lat' dir='ltr'><strong>tempus</strong></span> <span class='ocrx_word' id='word_1_111' title='bbox 552 1797 729 1862; x_wconf 77' lang='lat' dir='ltr'><strong>Mithridates,</strong></span> <span class='ocrx_word' id='word_1_112' title='bbox 737 1812 819 1868; x_wconf 88' lang='lat' dir='ltr'><strong>quam</strong></span> <span class='ocrx_word' id='word_1_113' title='bbox 829 1795 998 1867; x_wconf 68' lang='lat' dir='ltr'><strong>imperitasse</strong></span> 
     </span>
     <span class='ocr_line' id='line_1_19' title="bbox 192 1870 998 1944; baseline -0.007 -13"><span class='ocrx_word' id='word_1_114' title='bbox 192 1873 331 1931; x_wconf 80' lang='lat' dir='ltr'>Armeniis</span> <span class='ocrx_word' id='word_1_115' title='bbox 341 1879 367 1927; x_wconf 89' lang='lat' dir='ltr'><strong>et</strong></span> <span class='ocrx_word' id='word_1_116' title='bbox 375 1871 409 1927; x_wconf 90' lang='lat' dir='ltr'><strong>ad</strong></span> <span class='ocrx_word' id='word_1_117' title='bbox 418 1873 595 1944; x_wconf 82' lang='lat' dir='ltr'><strong>praesentiam</strong></span> <span class='ocrx_word' id='word_1_118' title='bbox 602 1870 724 1927; x_wconf 88' lang='lat' dir='ltr'><strong>Caesaris</strong></span> <span class='ocrx_word' id='word_1_119' title='bbox 733 1878 856 1927; x_wconf 87' lang='lat' dir='ltr'><strong>vocatum</strong></span> <span class='ocrx_word' id='word_1_120' title='bbox 866 1887 998 1928; x_wconf 87' lang='lat' dir='ltr'><strong>memora-</strong></span> 
     </span>
     <span class='ocr_line' id='line_1_20' title="bbox 193 1945 997 2022; baseline -0.007 -16"><span class='ocrx_word' id='word_1_121' title='bbox 193 1952 232 2016; x_wconf 79' lang='lat' dir='ltr'><strong>ri,</strong></span> <span class='ocrx_word' id='word_1_122' title='bbox 243 1955 369 2004; x_wconf 85' lang='lat' dir='ltr'><strong>monente</strong></span> <span class='ocrx_word' id='word_1_123' title='bbox 378 1946 499 2013; x_wconf 84' lang='lat' dir='ltr'><strong>Claudio,</strong></span> <span class='ocrx_word' id='word_1_124' title='bbox 509 1948 539 2002; x_wconf 91' lang='lat' dir='ltr'><strong>in</strong></span> <span class='ocrx_word' id='word_1_125' title='bbox 549 1963 665 2021; x_wconf 80' lang='lat' dir='ltr'><strong>regnum</strong></span> <span class='ocrx_word' id='word_1_126' title='bbox 674 1947 812 2011; x_wconf 83' lang='lat' dir='ltr'><strong>remeavit,</strong></span> <span class='ocrx_word' id='word_1_127' title='bbox 823 1947 890 2002; x_wconf 87' lang='lat' dir='ltr'><strong>fisus</strong></span> <span class='ocrx_word' id='word_1_128' title='bbox 898 1945 997 2022; x_wconf 70' lang='lat' dir='ltr'><strong>Phara7</strong></span> 
     </span>
     <span class='ocr_line' id='line_1_21' title="bbox 193 2019 998 2095; baseline -0.004 -14"><span class='ocrx_word' id='word_1_129' title='bbox 193 2023 298 2081; x_wconf 86' lang='lat' dir='ltr'><strong>smanis</strong></span> <span class='ocrx_word' id='word_1_130' title='bbox 307 2022 414 2095; x_wconf 88' lang='lat' dir='ltr'><strong>opibus.</strong></span> <span class='ocrx_word' id='word_1_131' title='bbox 439 2023 522 2077; x_wconf 86' lang='lat' dir='ltr'><strong>Isrex</strong></span> <span class='ocrx_word' id='word_1_132' title='bbox 531 2022 625 2088; x_wconf 83' lang='lat' dir='ltr'><strong>iberis,</strong></span> <span class='ocrx_word' id='word_1_133' title='bbox 637 2020 764 2094; x_wconf 86' lang='lat' dir='ltr'><strong>idemque</strong></span> <span class='ocrx_word' id='word_1_134' title='bbox 773 2021 934 2078; x_wconf 80' lang='lat' dir='ltr'><strong>Mithridatis</strong></span> <span class='ocrx_word' id='word_1_135' title='bbox 944 2019 998 2078; x_wconf 84' lang='lat' dir='ltr'><strong>ira-</strong></span> 
     </span>
     <span class='ocr_line' id='line_1_22' title="bbox 192 2097 997 2166; baseline -0.009 -9"><span class='ocrx_word' id='word_1_136' title='bbox 192 2107 243 2166; x_wconf 81' lang='lat' dir='ltr'><strong>ter,</strong></span> <span class='ocrx_word' id='word_1_137' title='bbox 258 2097 409 2164; x_wconf 71' lang='lat' dir='ltr'><strong>nuntiabat,</strong></span> <span class='ocrx_word' id='word_1_138' title='bbox 430 2101 583 2152; x_wconf 69' lang='lat' dir='ltr'><em>discordare</em></span> <span class='ocrx_word' id='word_1_139' title='bbox 594 2099 712 2161; x_wconf 77' lang='lat' dir='ltr'><strong>Portboo,</strong></span> <span class='ocrx_word' id='word_1_140' title='bbox 732 2114 883 2166; x_wconf 75' lang='lat' dir='ltr'><strong>comamque</strong></span> <span class='ocrx_word' id='word_1_141' title='bbox 894 2102 997 2165; x_wconf 82' lang='lat' dir='ltr'><strong>imperit</strong></span> 
     </span>
    </p>

    <p class='ocr_par' dir='ltr' id='par_1_5' title="bbox 166 2171 999 3071">
     <span class='ocr_line' id='line_1_23' title="bbox 166 2171 997 2244; baseline -0.008 -11"><span class='ocrx_word' id='word_1_142' title='bbox 166 2230 169 2234; x_wconf 82' lang='lat'><em>.</em></span> <span class='ocrx_word' id='word_1_143' title='bbox 192 2179 325 2244; x_wconf 64' lang='lat' dir='ltr'><strong>ammona,</strong></span> <span class='ocrx_word' id='word_1_144' title='bbox 336 2177 505 2228; x_wconf 71' lang='lat' dir='ltr'><strong>minutatim</strong></span> <span class='ocrx_word' id='word_1_145' title='bbox 518 2175 691 2228; x_wconf 66' lang='lat' dir='ltr'><strong>ouranense.</strong></span> <span class='ocrx_word' id='word_1_146' title='bbox 719 2173 789 2228; x_wconf 83' lang='lat' dir='ltr'><strong>Nam</strong></span> <span class='ocrx_word' id='word_1_147' title='bbox 797 2172 867 2228; x_wconf 90' lang='lat' dir='ltr'><strong>inter</strong></span> <span class='ocrx_word' id='word_1_148' title='bbox 876 2171 997 2228; x_wconf 84' lang='lat' dir='ltr'><strong>Gotarzis</strong></span> 
     </span>
     <span class='ocr_line' id='line_1_24' title="bbox 181 2245 998 2323; baseline -0.006 -17"><span class='ocrx_word' id='word_1_149' title='bbox 181 2249 324 2323; x_wconf 54' lang='lat' dir='ltr'><strong>,pleraque</strong></span> <span class='ocrx_word' id='word_1_150' title='bbox 338 2264 416 2304; x_wconf 82' lang='lat' dir='ltr'><strong>saeva</strong></span> <span class='ocrx_word' id='word_1_151' title='bbox 431 2245 490 2320; x_wconf 90' lang='lat' dir='ltr'><strong>(qni</strong></span> <span class='ocrx_word' id='word_1_152' title='bbox 503 2263 595 2302; x_wconf 86' lang='lat' dir='ltr'><strong>necem</strong></span> <span class='ocrx_word' id='word_1_153' title='bbox 608 2246 683 2302; x_wconf 86' lang='lat' dir='ltr'><strong>fratri</strong></span> <span class='ocrx_word' id='word_1_154' title='bbox 692 2246 826 2303; x_wconf 81' lang='lat' dir='ltr'><strong>Artabano</strong></span> <span class='ocrx_word' id='word_1_155' title='bbox 836 2247 998 2321; x_wconf 80' lang='lat' dir='ltr'><strong>coniugique</strong></span> 
     </span>
     <span class='ocr_line' id='line_1_25' title="bbox 194 2320 998 2394; baseline -0.006 -13"><span class='ocrx_word' id='word_1_156' title='bbox 194 2341 225 2381; x_wconf 86' lang='lat' dir='ltr'><strong>ac</strong></span> <span class='ocrx_word' id='word_1_157' title='bbox 238 2323 295 2379; x_wconf 89' lang='lat' dir='ltr'><strong>filio</strong></span> <span class='ocrx_word' id='word_1_158' title='bbox 310 2323 369 2378; x_wconf 86' lang='lat' dir='ltr'><strong>eius</strong></span> <span class='ocrx_word' id='word_1_159' title='bbox 378 2329 589 2394; x_wconf 81' lang='lat' dir='ltr'><strong>praeparaverat,</strong></span> <span class='ocrx_word' id='word_1_160' title='bbox 601 2322 675 2377; x_wconf 90' lang='lat' dir='ltr'><strong>unde</strong></span> <span class='ocrx_word' id='word_1_161' title='bbox 683 2330 772 2378; x_wconf 84' lang='lat' dir='ltr'><strong>metus</strong></span> <span class='ocrx_word' id='word_1_162' title='bbox 783 2323 843 2378; x_wconf 88' lang='lat' dir='ltr'><strong>eius</strong></span> <span class='ocrx_word' id='word_1_163' title='bbox 851 2323 881 2378; x_wconf 91' lang='lat' dir='ltr'><strong>in</strong></span> <span class='ocrx_word' id='word_1_164' title='bbox 890 2320 998 2394; x_wconf 84' lang='lat' dir='ltr'><strong>ceteros)</strong></span> 
     </span>
     <span class='ocr_line' id='line_1_26' title="bbox 194 2396 999 2473; baseline -0.005 -17"><span class='ocrx_word' id='word_1_165' title='bbox 194 2400 315 2456; x_wconf 84' lang='lat' dir='ltr'><strong>accivere</strong></span> <span class='ocrx_word' id='word_1_166' title='bbox 329 2397 478 2455; x_wconf 83' lang='lat' dir='ltr'><strong>Vardanen.</strong></span> <span class='ocrx_word' id='word_1_167' title='bbox 517 2396 574 2462; x_wconf 88' lang='lat' dir='ltr'><strong>llle,</strong></span> <span class='ocrx_word' id='word_1_168' title='bbox 590 2403 621 2450; x_wconf 89' lang='lat' dir='ltr'><strong>ut</strong></span> <span class='ocrx_word' id='word_1_169' title='bbox 634 2405 690 2453; x_wconf 85' lang='lat' dir='ltr'><strong>erat</strong></span> <span class='ocrx_word' id='word_1_170' title='bbox 702 2397 809 2472; x_wconf 79' lang='lat' dir='ltr'><strong>magnis</strong></span> <span class='ocrx_word' id='word_1_171' title='bbox 822 2398 898 2473; x_wconf 74' lang='lat' dir='ltr'><strong>almis</strong></span> <span class='ocrx_word' id='word_1_172' title='bbox 906 2413 999 2469; x_wconf 88' lang='lat' dir='ltr'><strong>prom-</strong></span> 
     </span>
     <span class='ocr_line' id='line_1_27' title="bbox 193 2470 999 2548; baseline -0.007 -17"><span class='ocrx_word' id='word_1_173' title='bbox 193 2483 269 2548; x_wconf 87' lang='lat' dir='ltr'><strong>ptus,</strong></span> <span class='ocrx_word' id='word_1_174' title='bbox 284 2473 369 2529; x_wconf 91' lang='lat' dir='ltr'><strong>biduo</strong></span> <span class='ocrx_word' id='word_1_175' title='bbox 383 2472 434 2528; x_wconf 84' lang='lat' dir='ltr'><strong>tria</strong></span> <span class='ocrx_word' id='word_1_176' title='bbox 442 2470 529 2526; x_wconf 83' lang='lat' dir='ltr'><strong>millia</strong></span> <span class='ocrx_word' id='word_1_177' title='bbox 538 2470 685 2527; x_wconf 85' lang='lat' dir='ltr'><strong>stadiorum</strong></span> <span class='ocrx_word' id='word_1_178' title='bbox 695 2473 807 2538; x_wconf 84' lang='lat' dir='ltr'><strong>invadit,</strong></span> <span class='ocrx_word' id='word_1_179' title='bbox 817 2473 999 2546; x_wconf 80' lang='lat' dir='ltr'><strong>ignarumque</strong></span> 
     </span>
     <span class='ocr_line' id='line_1_28' title="bbox 194 2547 997 2620; baseline -0.009 -14"><span class='ocrx_word' id='word_1_180' title='bbox 194 2558 220 2606; x_wconf 85' lang='lat' dir='ltr'><strong>et</strong></span> <span class='ocrx_word' id='word_1_181' title='bbox 239 2548 398 2605; x_wconf 65' lang='lat' dir='ltr'><strong>artemium</strong></span> <span class='ocrx_word' id='word_1_182' title='bbox 407 2547 546 2602; x_wconf 69' lang='lat' dir='ltr'><strong>Gotarzen</strong></span> <span class='ocrx_word' id='word_1_183' title='bbox 563 2547 716 2618; x_wconf 81' lang='lat' dir='ltr'><strong>proturbat:</strong></span> <span class='ocrx_word' id='word_1_184' title='bbox 740 2564 830 2620; x_wconf 87' lang='lat' dir='ltr'><strong>nequa</strong></span> <span class='ocrx_word' id='word_1_185' title='bbox 847 2553 997 2610; x_wconf 74' lang='lat' dir='ltr'><strong>cunctatur,</strong></span> 
     </span>
     <span class='ocr_line' id='line_1_29' title="bbox 195 2619 998 2699; baseline -0.006 -20"><span class='ocrx_word' id='word_1_186' title='bbox 195 2626 263 2699; x_wconf 90' lang='lat' dir='ltr'><strong>quin</strong></span> <span class='ocrx_word' id='word_1_187' title='bbox 273 2623 413 2694; x_wconf 86' lang='lat' dir='ltr'><strong>proximas</strong></span> <span class='ocrx_word' id='word_1_188' title='bbox 421 2620 600 2693; x_wconf 81' lang='lat' dir='ltr'><strong>praefecturas</strong></span> <span class='ocrx_word' id='word_1_189' title='bbox 610 2623 744 2693; x_wconf 87' lang='lat' dir='ltr'><strong>corripiat,</strong></span> <span class='ocrx_word' id='word_1_190' title='bbox 757 2621 823 2678; x_wconf 84' lang='lat' dir='ltr'><strong>solis</strong></span> <span class='ocrx_word' id='word_1_191' title='bbox 832 2619 998 2683; x_wconf 85' lang='lat' dir='ltr'><strong>Seleucensi-</strong></span> 
     </span>
     <span class='ocr_line' id='line_1_30' title="bbox 195 2697 999 2769; baseline -0.007 -13"><span class='ocrx_word' id='word_1_192' title='bbox 195 2701 248 2756; x_wconf 87' lang='lat' dir='ltr'><strong>bus</strong></span> <span class='ocrx_word' id='word_1_193' title='bbox 258 2697 467 2755; x_wconf 84' lang='lat' dir='ltr'><strong>dominationem</strong></span> <span class='ocrx_word' id='word_1_194' title='bbox 480 2698 540 2753; x_wconf 86' lang='lat' dir='ltr'><strong>aius</strong></span> <span class='ocrx_word' id='word_1_195' title='bbox 552 2697 742 2753; x_wconf 80' lang='lat' dir='ltr'><strong>abnuentibus.</strong></span> <span class='ocrx_word' id='word_1_196' title='bbox 781 2698 813 2752; x_wconf 91' lang='lat' dir='ltr'><strong>ln</strong></span> <span class='ocrx_word' id='word_1_197' title='bbox 822 2712 901 2769; x_wconf 87' lang='lat' dir='ltr'><strong>qnos,</strong></span> <span class='ocrx_word' id='word_1_198' title='bbox 911 2703 942 2750; x_wconf 89' lang='lat' dir='ltr'><strong>nt</strong></span> <span class='ocrx_word' id='word_1_199' title='bbox 950 2712 999 2767; x_wconf 86' lang='lat' dir='ltr'><strong>pa·</strong></span> 
     </span>
     <span class='ocr_line' id='line_1_31' title="bbox 194 2771 999 2846; baseline -0.005 -16"><span class='ocrx_word' id='word_1_200' title='bbox 194 2775 243 2830; x_wconf 87' lang='lat' dir='ltr'><strong>tris</strong></span> <span class='ocrx_word' id='word_1_201' title='bbox 262 2773 308 2829; x_wconf 90' lang='lat' dir='ltr'><strong>sui</strong></span> <span class='ocrx_word' id='word_1_202' title='bbox 329 2789 439 2846; x_wconf 88' lang='lat' dir='ltr'><strong>quoque</strong></span> <span class='ocrx_word' id='word_1_203' title='bbox 456 2771 610 2838; x_wconf 83' lang='lat' dir='ltr'><strong>defectores,</strong></span> <span class='ocrx_word' id='word_1_204' title='bbox 631 2773 671 2828; x_wconf 86' lang='lat' dir='ltr'><strong>ira</strong></span> <span class='ocrx_word' id='word_1_205' title='bbox 689 2773 787 2846; x_wconf 82' lang='lat' dir='ltr'><strong>magis,</strong></span> <span class='ocrx_word' id='word_1_206' title='bbox 802 2788 885 2844; x_wconf 88' lang='lat' dir='ltr'><strong>qnam</strong></span> <span class='ocrx_word' id='word_1_207' title='bbox 898 2788 932 2827; x_wconf 85' lang='lat' dir='ltr'><strong>ex</strong></span> <span class='ocrx_word' id='word_1_208' title='bbox 944 2788 999 2827; x_wconf 88' lang='lat' dir='ltr'><strong>nsn</strong></span> 
     </span>
     <span class='ocr_line' id='line_1_32' title="bbox 194 2845 999 2923; baseline -0.006 -18"><span class='ocrx_word' id='word_1_209' title='bbox 194 2849 339 2923; x_wconf 78' lang='lat' dir='ltr'><strong>praesenti,</strong></span> <span class='ocrx_word' id='word_1_210' title='bbox 355 2863 494 2914; x_wconf 81' lang='lat' dir='ltr'><strong>accensus,</strong></span> <span class='ocrx_word' id='word_1_211' title='bbox 509 2845 653 2919; x_wconf 84' lang='lat' dir='ltr'><strong>inplicatur</strong></span> <span class='ocrx_word' id='word_1_212' title='bbox 662 2848 801 2904; x_wconf 88' lang='lat' dir='ltr'><strong>obsidione</strong></span> <span class='ocrx_word' id='word_1_213' title='bbox 808 2846 886 2901; x_wconf 87' lang='lat' dir='ltr'><strong>urbis</strong></span> <span class='ocrx_word' id='word_1_214' title='bbox 895 2845 999 2902; x_wconf 84' lang='lat' dir='ltr'><strong>validas</strong></span> 
     </span>
     <span class='ocr_line' id='line_1_33' title="bbox 179 2921 998 2994; baseline -0.007 -14"><span class='ocrx_word' id='word_1_215' title='bbox 179 2934 221 2980; x_wconf 81' lang='lat' dir='ltr'><strong>-et</strong></span> <span class='ocrx_word' id='word_1_216' title='bbox 232 2923 412 2980; x_wconf 90' lang='lat' dir='ltr'><strong>munimentis</strong></span> <span class='ocrx_word' id='word_1_217' title='bbox 426 2923 522 2979; x_wconf 84' lang='lat' dir='ltr'><strong>obiecti</strong></span> <span class='ocrx_word' id='word_1_218' title='bbox 532 2923 620 2978; x_wconf 89' lang='lat' dir='ltr'><strong>amnis</strong></span> <span class='ocrx_word' id='word_1_219' title='bbox 629 2939 763 2994; x_wconf 86' lang='lat' dir='ltr'><strong>muroque</strong></span> <span class='ocrx_word' id='word_1_220' title='bbox 772 2930 798 2977; x_wconf 91' lang='lat' dir='ltr'><strong>et</strong></span> <span class='ocrx_word' id='word_1_221' title='bbox 806 2921 998 2977; x_wconf 82' lang='lat' dir='ltr'><strong>commeatibus</strong></span> 
     </span>
     <span class='ocr_line' id='line_1_34' title="bbox 187 2997 999 3071; baseline -0.011 -13"><span class='ocrx_word' id='word_1_222' title='bbox 187 3000 324 3070; x_wconf 77' lang='lat' dir='ltr'><strong>tit-motae.</strong></span> <span class='ocrx_word' id='word_1_223' title='bbox 351 2998 460 3055; x_wconf 86' lang='lat' dir='ltr'><strong>lntsrim</strong></span> <span class='ocrx_word' id='word_1_224' title='bbox 470 2997 606 3065; x_wconf 79' lang='lat' dir='ltr'><strong>Gotarzes,</strong></span> <span class='ocrx_word' id='word_1_225' title='bbox 616 2997 753 3054; x_wconf 73' lang='lat' dir='ltr'><strong>Daharum</strong></span> <span class='ocrx_word' id='word_1_226' title='bbox 761 2997 999 3071; x_wconf 81' lang='lat' dir='ltr'><strong>Hyrcanorumque</strong></span> 
     </span>
    </p>
   </div>
   <div class='ocr_carea' id='block_1_4' title="bbox 0 0 1304 3734">
    <p class='ocr_par' dir='ltr' id='par_1_6' title="bbox 0 0 1304 3734">
     <span class='ocr_line' id='line_1_35' title="bbox 0 0 1304 3734; baseline 0 0"><span class='ocrx_word' id='word_1_227' title='bbox 0 0 1304 3734; x_wconf 95' lang='lat' dir='ltr'><strong> </strong></span> 
     </span>
    </p>
   </div>
  </div>
 </body>
</html>
