2575 3734
282 419 330 473 tta
560 421 798 468 ,transnanti
946 413 1094 488 (auaro.

280 521 380 580 civitati
389 521 554 596 Cibyraticae
563 521 635 594 apud
643 519 750 587 Asiam
766 519 892 596 Aegiensi
907 521 1095 610 apuqdeha-

280 601 348 664 iam‚
364 606 439 653 motu
452 606 536 652 terrae
549 595 699 662 labefactis,
721 594 909 656 subveniretur
921 598 1095 652 remrssione

281 674 372 734 tributi
388 671 417 727 in
433 672 589 727 triennium.
627 672 663 727 Et
675 671 772 728 Vibius
786 669 915 737 Saeuus,
936 671 1094 743 proconsul

281 748 413 804 ulterioris
423 748 579 821 Hispaniae,
592 745 626 802 de
635 747 664 802 vi
673 746 781 819 publica
790 745 932 800 damnatus
941 745 975 800 ob
985 749 1095 802 atroci-

279 830 359 895 tatem
369 821 652 887 morum,iuinsuiam
663 822 810 895 Amorgum
819 820 979 892 deportatam.
1016 819 1095 876 Car-

280 898 367 955 sidius
376 896 512 962 sacerdos,
523 913 600 962 reus,
611 903 750 968 tamquam
759 895 893 953 frumento
901 895 1005 950 hostem
1015 897 1095 951 Tao-

280 972 418 1029 iarinatem
427 971 549 1035 iuvisset,
560 969 720 1039 absolvitur;
732 970 907 1042 eiusdemque
916 970 1040 1025 criminis
1053 969 1091 1026 C.

280 1045 427 1103 Gracchus.
456 1046 534 1100 Hunc
542 1046 665 1100 comitem
676 1044 775 1110 exsilii,
785 1045 930 1100 ιάωοάιηη
938 1043 1091 1112 infantem,

280 1129 354 1193 pater
366 1119 540 1190 Sempronius
553 1122 582 1176 in
596 1119 714 1176 insulam
728 1119 866 1176 Cercinam
879 1119 983 1174 tulerat.
1024 1120 1095 1175 lliio

280 1194 389 1250 adultus
406 1196 475 1250 iuter
493 1201 609 1250 extomea
628 1203 654 1250 et
673 1194 824 1250 liberalium
844 1195 942 1249 artium
964 1195 1091 1261 nescios,

282 1285 402 1341 mox·per
410 1267 528 1326 Africam
538 1287 569 1325 ao
577 1268 697 1327 Siciliam
707 1269 834 1326 mutando
849 1269 969 1325 sordidas
978 1286 1092 1326 merces

211 1362 213 1365 ’
280 1343 490 1399 sustentabatur:
511 1362 600 1418 neque
613 1352 703 1400 tanam
716 1344 809 1420 effugit
827 1361 939 1418 maguae
961 1342 1093 1402 femmae

280 1417 408 1491 pericula.
446 1418 500 1485 Ao,
519 1420 551 1474 ni*
563 1419 655 1475 Aelius
669 1419 762 1476 Lamia
775 1426 801 1474 et
815 1419 845 1475 L.
861 1418 1011 1491 Apronius,
1032 1421 1093 1491 qui

281 1492 398 1549 Africam
407 1493 584 1560 obtinuerant,
591 1496 723 1550 insontem
730 1495 916 1568 protexissent,
922 1493 1092 1550 claritudine

280 1568 390 1624 infausti
399 1569 515 1642 genero,
526 1577 552 1625 et
560 1571 678 1641 paternis
688 1569 809 1626 sumis
817 1567 884 1626 foret
892 1569 1053 1624 abstractus.

304 1669 316 1698 a
337 1646 380 1700 tt.
400 1643 426 1699 is
439 1638 548 1717 quoque
562 1661 650 1700 annus
665 1645 807 1718 legationes
817 1644 978 1700 Graecarum
988 1644 1093 1699 eivita-

281 1728 340 1775 tum
352 1719 459 1775 habuit:
480 1718 579 1775 Samiis
592 1720 718 1785 Iunonis,
733 1719 795 1776 Cois
804 1718 956 1790 Aesculapii
970 1717 1091 1776 delubro

283 1802 417 1850 vetustum
490 1795 499 1850 i
515 1797 560 1850 ius
573 1803 604 1851 ut
615 1795 780 1861 firmaretur,
796 1794 957 1867 petentibus.
996 1791 1090 1850 Samii

280 1870 383 1926 decreto
396 1812 624 1944 afflietyooam
637 1871 802 1934 nitebantur,
823 1870 888 1940 quis
905 1869 1088 1940 praecipuum

282 1944 332 2000 tuit
344 1961 435 1999 rerum
449 1947 572 2001 omnium
583 1946 729 2012 iudicium,
745 1961 799 2018 qua
812 1951 966 2016 tempestate
974 1943 1086 2010 Graeci,

281 2019 394 2074 conditis
414 2035 463 2090 per
476 2019 569 2075 Asiam
587 2021 716 2086 urbibus,
736 2037 782 2075 ora
800 2019 883 2074 maris
900 2018 1085 2091 potiebantur.

281 2090 375 2165 Neque
384 2092 476 2164 dispar
485 2095 558 2166 apud
567 2093 633 2150 Coos
643 2097 804 2168 antiquitas:
816 2102 842 2150 et
850 2093 989 2149 accedebat
999 2094 1089 2149 mari-

282 2177 341 2224 tum
354 2161 388 2222 ἐκ
402 2167 467 2224 ioco.
506 2171 575 2224 Nam
589 2171 662 2225 cives
674 2171 806 2226 Romanos
821 2167 919 2241 templo
929 2167 1088 2242 Aesculapii

281 2242 455 2308 induxerant,
472 2245 622 2300 cumiussu
632 2243 874 2318 regisiiiithridatis
892 2243 964 2316 apud
972 2252 1087 2300 cunctas

281 2318 360 2386 Asiae
377 2315 482 2372 insulas
500 2326 527 2373 et
541 2319 623 2373 urbes
640 2319 845 2374 trucidarentur.
883 2319 971 2376 Variis
985 2319 1088 2377 dehinc

281 2401 307 2448 et
321 2391 429 2463 saepius
443 2392 531 2448 inritis
545 2402 697 2464 praetorum
707 2394 863 2466 questibus,
874 2401 1006 2466 postremo
1016 2393 1088 2449 Cae-

281 2485 324 2522 sar
337 2467 371 2522 de
384 2466 552 2523 immodestia
565 2466 728 2524 histrionum
743 2467 847 2524 retulit:
867 2473 950 2526 multo
963 2469 996 2525 ob
1010 2473 1046 2524 iia
1056 2474 1087 2524 tn

280 2546 412 2612 poblicum
429 2547 561 2607 seditiose,
580 2547 657 2614 foedo
672 2561 721 2612 per
742 2549 830 2599 domos
849 2550 958 2600 tentari:
988 2543 1086 2600 Oscum

281 2622 411 2687 quondum
424 2621 566 2684 ludicrum,
582 2622 726 2674 missinae
739 2624 810 2688 apud
818 2622 924 2690 cuipam
933 2623 1086 2674 oblectatio-

280 2698 335 2757 nis,
353 2710 382 2747 eo
391 2697 549 2762 {topitiorum
557 2702 582 2748 et
590 2698 687 2749 virium
694 2699 805 2760 canuae,
820 2703 850 2750 ut
863 2699 1020 2750 auctoritate
1029 2712 1085 2763 po·

281 2777 352 2822 trum
361 2771 527 2823 coercendum
534 2773 576 2824 att.

338 2844 380 2898 aa.
401 2841 476 2898 Pulsi
490 2851 548 2898 tum
562 2842 705 2902 histriones
720 2844 803 2900 Italia.
842 2843 915 2899 Idem
930 2860 1017 2898 annus
1030 2842 1086 2899 alio

282 2921 391 2992 quoqiae
411 2917 485 2976 luctu
504 2917 644 2976 Caesarem
663 2919 765 2986 adficit,
786 2917 900 2978 altarum
918 2935 951 2974 ex
965 2918 1083 2992 geminis
