2575 3734
198 514 261 555 ec.
276 500 323 570 m.)
400 506 479 550 ars.
499 506 559 551 xit.
580 506 669 553 oar.
690 506 809 553 13-15.
951 500 1000 553 367

198 612 348 683 ingrueret,
362 604 479 677 provisis
494 605 624 678 exemplis
638 596 1001 663 Geudineeeo'Numantinae

199 684 294 738 ciadis.
335 681 423 750 Neque
436 684 542 734 eandem
551 684 603 735 uim
612 681 780 743 Samnitibus,
791 684 885 737 Itaiieo
894 686 1000 751 popuio,

198 768 248 814 out
265 758 401 824 Hisponis,
422 770 499 825 quem
513 756 625 819 Partitis,
644 756 755 810 Iiomnoi
766 761 871 826 imperii
883 760 1000 813 omuuiis.

204 836 325 887 Validam
336 848 433 900 quoque
446 837 470 883 et
479 832 613 897 iutedntom
623 835 812 899 antiquitatem,
821 836 938 901 quotiens
945 838 1002 903 {otr-

202 918 267 963 tuuo
279 914 371 961 eontra
380 909 461 969 duret,
471 908 553 960 saluti
564 908 729 960 conmiuisee.
754 905 811 972 Qua
822 906 1003 979 desperatione

202 982 335 1037 exercitus
345 978 400 1034 dux
410 980 547 1044 subactus,
558 981 660 1051 primes
672 987 759 1035 tamen
772 981 870 1036 litteras
880 980 913 1036 ad
923 980 1003 1036 Voio-

201 1074 294 1133 gesen,
310 1070 363 1110 non
372 1053 518 1126 supplices,
534 1054 581 1110 sed
591 1056 619 1110 in
629 1054 739 1110 modum
749 1059 886 1127 querentis
895 1072 1003 1127 oompo-

200 1134 266 1197 suit,
283 1133 352 1201 quod
363 1147 414 1198 pro
427 1130 565 1194 Armeniis,
580 1146 680 1197 semper
690 1130 821 1185 Remunoe
829 1135 944 1195 ditionis,
956 1140 1004 1186 aut

200 1210 323 1263 subiectis
336 1208 401 1273 reqi,
417 1222 492 1274 quem
506 1209 649 1274 imperator
660 1208 800 1273 cieteqieset,
816 1209 919 1261 institia
931 1212 1004 1277 {aee-

200 1292 250 1338 ret.
283 1281 381 1334 Pacem
400 1296 433 1333 en
447 1296 529 1348 aequo
543 1282 639 1333 utitem.
678 1279 889 1347 Neeproeaeutia
903 1288 1004 1335 tantum

202 1362 345 1426 spectaret:
364 1358 448 1421 ipsum
462 1359 587 1409 adoneus
601 1358 668 1408 duas
681 1356 800 1422 ieqiones,
811 1360 872 1409 totis
879 1360 954 1424 requi
962 1360 1004 1410 oi-

203 1436 277 1487 riius
286 1433 434 1485 advenisse:
453 1437 482 1483 ot
494 1430 616 1484 Ronmnie
630 1431 715 1483 orbem
724 1437 855 1485 umorum
863 1433 1001 1500 reliquum,

203 1524 254 1577 quo
265 1508 357 1559 beilum
365 1508 494 1558 iuvarent.

261 1583 302 1635 ii.
323 1578 365 1633 ud
379 1594 410 1631 ea
419 1578 572 1651 Vologeses,
593 1576 661 1633 nihil
675 1595 723 1650 pro
737 1596 844 1644 caussa,
866 1578 913 1633 sed
927 1596 1005 1647 oppe-

204 1660 308 1711 riendos
317 1657 368 1708 sibi
379 1659 485 1723 (ratres,
498 1654 625 1707 Pacorum
639 1671 673 1708 ae
685 1656 830 1718 Tiridaten,
851 1654 1002 1725 rescripsit:

206 1726 299 1806 [iilum]
311 1732 395 1783 iocum
405 1738 551 1797 tempusque
561 1732 671 1783 consilio
679 1734 842 1792 destinatum,
852 1747 903 1798 quo
913 1732 944 1781 de
952 1729 1005 1782 Ar-

203 1810 290 1860 menia
300 1813 446 1859 cernerent:
466 1802 600 1876 (adiecisse
613 1807 789 1873 deordiqnum
797 1800 1005 1876 Arsacidarum)

203 1882 356 1935 simulatae
368 1880 507 1946 ieqiouibus
516 1880 638 1933 Romanis
647 1887 797 1934 statuerent.
835 1879 911 1933 Missi
921 1885 1006 1949 posta

204 1956 284 2009 Paeto
293 1953 390 2017 nuntii,
402 1962 427 2007 et
437 1955 507 2027 regis
517 1953 682 2025 colloquium
690 1955 812 2025 petitum,
822 1954 1003 2025 quiVasacen,

206 2027 368 2101 praefectum
378 2030 522 2100 equitatus,
535 2029 573 2083 ire
583 2030 672 2083 iussit.
711 2030 781 2083 Tum
791 2029 896 2093 Paetus,
908 2029 1006 2082 moui-

205 2108 252 2167 ios,
263 2104 400 2171 Pompeios,
413 2112 436 2158 et
446 2108 470 2159 ei
479 2120 532 2173 qun
544 2104 668 2159 Caesares
680 2107 830 2158 obtinentiae
839 2107 1005 2159 annuamus

204 2180 342 2233 Armeniae
350 2188 468 2247 eperunt,¹
480 2178 594 2233 Vasaces
604 2183 742 2247 imaqinem
750 2183 880 2233 retinendi
890 2180 1006 2247 torquu-

204 2258 263 2309 diue
271 2268 348 2321 penes
357 2268 412 2318 moe,
423 2258 476 2307 uim
482 2270 560 2322 penes
565 2255 681 2317 Parthos,
691 2260 829 2309 memorat.
844 2253 879 2307 Et
886 2253 1005 2309 muitum

204 2328 321 2383 innocui
331 2326 483 2399 disceptato,
500 2328 662 2383 Monobazus
675 2328 828 2383 Adiabenus
838 2330 867 2383 in
876 2329 1006 2399 diempo

204 2411 310 2458 aterum·
316 2403 390 2457 testis
399 2405 444 2468 iis,
457 2420 526 2475 quae
536 2404 709 2477 pepigissent,
722 2402 871 2459 adhibetur.
890 2403 1006 2475 Placuit-

204 2494 259 2551 que
274 2480 383 2532 liberari
397 2482 495 2532 obsidio
510 2482 620 2547 ieqiones
629 2487 655 2532 et
664 2482 890 2533 drommeomnem
898 2480 1006 2531 mititem
1028 2493 1034 2503 ·

203 2556 299 2623 finimus
315 2553 504 2615 Armeniorum,
526 2556 684 2622 castellaque
697 2562 723 2608 et
736 2560 890 2607 commeatus
901 2552 1006 2605 Parme

205 2630 284 2682 tradi.
315 2626 414 2692 Quibus
420 2632 585 2696 perpetratis,
598 2633 673 2696 eopia
687 2628 802 2697 Voioqesi
810 2630 891 2696 peret,
901 2630 1006 2679 mitten-

204 2706 233 2757 di
241 2706 278 2757 ud
287 2702 414 2758 Neronem
424 2702 527 2771 [epotos.

261 2778 302 2832 tt.
323 2778 432 2832 iuterim
442 2773 547 2832 ssumini
558 2775 685 2831 Arsaniae
699 2776 733 2850 (is
742 2771 1006 2903 oasuapraeiineipzpp

206 2858 312 2923 pontem
321 2853 450 2924 inposuit,
462 2852 550 2924 specie
559 2852 612 2906 sibi
622 2850 690 2906 iilud
700 2852 749 2906 iter
758 2850 936 2921 expedientis:

206 2925 306 2990 Parthi,
320 2928 398 2999 quasi
408 2927 598 2982 documentum
608 2926 742 2989 victoriae,
756 2926 897 2980 iusserant.
923 2924 1006 2978 Nam-

205 3016 261 3082 que
274 3000 309 3055 iis
322 3002 387 3057 usui
402 3000 467 3058 ruite
488 3002 571 3058 nostri
586 3016 635 3075 per
646 3000 783 3056 (limeum
793 3002 857 3056 iere.
897 2997 1006 3055 Addidit
