2575 3734
202 452 308 526 aaut.)
407 461 490 507 mu.
509 461 530 507 a
551 461 640 507 cna.
662 461 784 508 as-aa.
962 459 997 511 aa

199 564 250 617 tius
261 559 406 616 retinendis
420 559 585 616 Sabinorum
598 561 682 615 sacris
699 559 803 616 sodales
818 561 901 615 Titios
920 563 997 616 iusti-

200 646 288 691 tuerat.
320 636 400 690 Sorte
414 635 491 690 ducti
505 652 520 689 e
532 635 698 708 primoribus
712 635 828 690 civitatis
839 652 911 690 unus
921 643 947 691 et
956 639 997 692 vi-

202 713 278 840 gidulti:
296 712 425 839 Tiberinis⁴
431 711 594 839 Diusfqm
607 718 636 838 et¹
641 709 771 765 Claudius
786 719 811 764 et
821 709 997 840 Germanictgs

206 805 220 841 a
238 787 360 841 ‘'amur.
426 803 446 841 u
465 802 496 841 os
529 803 547 838 u
587 793 627 839 sta
637 803 666 840 es
681 794 746 839 tunc
777 786 879 840 rimum
893 801 938 839 ooe
983 803 997 838 s

205 861 303 916 turharit
311 860 464 925 discordia,
476 877 509 913 ex
520 803 663 914 ceitlalrmiue
673 801 844 916 histritiirum.
875 801 998 915 Indulse-

198 945 234 990 rat
244 937 267 991 ei
280 936 388 991 ludicro
400 934 558 1008 Augustus,
582 934 648 989 dum
662 936 803 990 Maecenati
823 933 995 1006 obtemperat,

196 1011 272 1066 effuso
280 1012 309 1066 iu
319 1027 445 1065 amorem
455 1007 586 1082 Bathylli:
603 1026 691 1081 neque
701 1010 759 1080 ipse
768 1009 924 1065 abhorrebat
937 1010 997 1065 tali-

192 1086 242 1141 hus
258 1085 374 1151 studiis,
395 1092 424 1138 et
443 1082 523 1138 civile
542 1083 662 1149 rebatur,
688 1084 795 1138 misceri
814 1083 996 1156 voluptatibus

192 1160 274 1234 vulgi.
312 1159 377 1214 Alia
388 1159 498 1213 Tiberio
507 1175 613 1213 morum
623 1159 681 1212 viu:
693 1158 741 1213 sed
749 1159 890 1231 populum,
902 1177 950 1231 per
960 1169 996 1214 tot

191 1253 272 1292 anuos
285 1234 406 1290 molliter
421 1233 557 1298 habitum,
574 1232 692 1289 nondum
706 1233 819 1289 audehat
836 1235 869 1289 ed
888 1235 995 1290 duriora

191 1319 298 1365 vertere,

246 1389 287 1440 55.
306 1385 400 1438 Druso
414 1381 540 1449 Caesare,
561 1382 591 1438 C.
608 1383 731 1438 Norbano
750 1381 824 1439 Coss.
846 1384 996 1440 decernitur

196 1459 350 1514 Germanico
365 1457 538 1529 triumphus,
558 1465 682 1512 manente
696 1456 779 1528 hello;
801 1459 887 1531 quod,
899 1477 996 1532 quam-

196 1535 309 1606 quamin
320 1541 452 1588 aestatem
467 1550 574 1587 summa
587 1550 636 1606 ope
650 1533 773 1606 parabat,
793 1535 872 1590 initio
883 1535 955 1590 veris
970 1542 996 1590 et

191 1610 326 1680 repentino
341 1609 374 1662 in
387 1607 476 1663 Cattos
491 1624 606 1662 excursu
620 1611 762 1680 praecepit.
802 1609 871 1662 Nam
881 1626 943 1680 spes
953 1610 996 1664 in-

189 1691 317 1749 cesserat,
339 1682 474 1737 dissidere
486 1682 590 1738 hostem
604 1684 633 1739 in
643 1683 799 1738 Arminium
810 1699 841 1736 ac
850 1682 994 1754 Segestem,

189 1759 325 1832 insignem
336 1764 486 1828 utrumque
495 1757 606 1828 perfidia
614 1758 644 1813 in
654 1776 703 1814 nos
713 1765 759 1810 aut
770 1755 831 1810 fide.
858 1755 996 1812 Arminius

189 1835 308 1888 turbator
318 1833 493 1900 Germaniam
509 1831 640 1905 Segestes,
651 1835 749 1900 parari
757 1833 926 1896 rebellionem,
939 1849 997 1886 sae-

187 1926 221 1980 pe
229 1909 310 1974 alias,
322 1915 351 1962 et
360 1924 487 1979 supremo
496 1907 633 1971 convivio,
642 1913 704 1978 post
713 1905 786 1977 quod
795 1906 823 1960 in
833 1923 906 1961 arma
915 1907 994 1974 itum,

188 1985 309 2056 aperuit:
330 1983 471 2054 suasitque
480 1983 564 2046 Varo,
584 1991 613 2034 ut
625 1999 653 2035 aa
667 1990 691 2036 et
703 1982 848 2036 Arminium
861 1991 885 2037 et
900 1992 996 2038 cataros

187 2077 311 2128 proceres
328 2063 456 2125 vincirem
475 2059 542 2111 mihil
560 2074 686 2110 ausuram
700 2059 810 2124 plebem,
832 2063 996 2128 principibus

189 2139 299 2188 omotis:
319 2137 460 2202 otqurr’poi
474 2141 571 2200 tempus
579 2137 648 2201 fore,
660 2149 710 2200 quo
720 2136 830 2188 crimina
840 2143 865 2187 et
874 2138 996 2190 lnnocios

191 2204 360 2263 discerperet.
400 2205 453 2261 Sed
461 2207 548 2262 Varus
558 2206 610 2262 iato
620 2215 645 2260 et
657 2206 683 2260 vi
693 2206 809 2261 Arminii
819 2207 926 2264 cecidit:
949 2209 996 2264 Se·

191 2292 294 2356 gestes,
310 2299 479 2354 quamquam
493 2299 623 2337 consensu
636 2283 724 2354 gentis
735 2283 764 2336 iu
773 2281 874 2337 bellum
884 2291 993 2349 tractus,

192 2359 295 2414 hsoors
304 2357 441 2422 manebat,
452 2357 536 2410 auctis
545 2357 675 2428 privatim*
682 2356 760 2422 odiis,
772 2357 844 2428 quod
853 2357 995 2414 Arminius

193 2433 277 2488 liliam
288 2433 359 2497 eius,
370 2431 417 2486 alii
427 2439 541 2502 pactam,
553 2440 684 2502 rapuerat.
716 2431 804 2487 Gener
813 2432 930 2498 invisus,
942 2434 996 2488 ini-

194 2509 258 2563 mici
267 2507 368 2562 soceri:
385 2523 509 2578 quaeque
518 2507 589 2578 apud
598 2507 740 2562 concordes
751 2507 858 2562 vincula
868 2507 992 2572 caritatis,

193 2584 367 2640 incitamenta
376 2582 478 2636 irarum
488 2581 560 2653 apud
569 2581 688 2637 infensos
699 2590 781 2637 erant.

247 2661 293 2715 56.
315 2658 401 2730 igitur
411 2656 585 2711 Germanicus
595 2667 720 2728 quattuor
729 2656 860 2730 legiones,
873 2657 995 2729 quinque

196 2733 368 2789 auxiliarium
381 2729 479 2796 millia,
489 2739 515 2785 et
524 2731 712 2787 tumultuarias
722 2739 838 2787 catervas
850 2732 995 2788 Germano—

195 2827 270 2873 rum,
282 2808 323 2862 cis
333 2806 457 2860 Rhenum
467 2806 623 2872 colentium,
636 2805 763 2862 Caecinae
774 2806 866 2860 tradit:
887 2807 994 2862 totidem

197 2881 324 2955 legiones,
336 2879 470 2952 duplicem
480 2882 611 2937 sociorum
622 2889 767 2935 numerum
776 2881 835 2950 ipse
845 2881 931 2932 ducit:
948 2897 996 2961 po-

197 2958 303 3030 titoque
325 2955 432 3010 castello
453 2972 535 3029 super
556 2956 671 3027 uestigia
695 2954 800 3078 patecrrgi
822 2951 948 3022 praesidii
967 2965 996 3000 ru
