2575 3734
304 473 353 527 att
500 476 815 523 ·nuuanruu
968 467 1098 540 (uuus.

302 576 407 649 spatiis,
423 575 593 648 oehibitaque
609 575 791 631 aedificiorum
804 573 944 631 altitudine
959 594 991 630 ao
1004 576 1101 647 pateis

302 652 353 707 otia
369 652 438 705 ereis
451 650 603 723 additisque
616 650 771 721 portieibue,
811 667 862 705 uae
876 650 991 705 frenum
1000 652 1109 706 insule

303 744 364 781 rum
379 732 552 798 protegerent.
590 725 644 779 Ess
657 725 775 796 porticus
788 668 858 778 lqlero
871 741 922 779 sua
930 727 1052 796 pecunia
1060 744 1102 781 sx-

303 808 482 864 etruoturum‚
506 806 686 871 purgatasque
709 815 784 853 areas
805 799 922 853 dominis
941 800 1102 855 traditurum

302 874 436 947 pollicitus
451 880 500 928 est.
539 872 649 927 Addidit
660 874 788 945 praemis,
803 889 852 944 pro
863 874 1000 946 cuiusque
1013 875 1103 929 ordine

303 957 328 1003 et
342 949 380 1003 rei
396 947 533 1003 familiaris
547 948 645 1018 oopiis:
666 947 808 1018 linivitque
819 955 936 1018 tempus,
949 950 1025 1003 intra
1033 950 1103 1021 quod

303 1023 401 1078 effectis
415 1021 539 1077 domibus
554 1028 599 1076 aut
609 1021 708 1076 insulis
717 1022 907 1092 apieoerurtur.
945 1024 1052 1078 Ruderi
1060 1042 1103 1079 oo-

304 1100 420 1165 sipisudo
427 1096 554 1150 Ostiuues
560 1098 671 1164 paludes
681 1095 838 1161 destinabat,
844 1100 933 1165 utique
940 1114 1103 1167 messuere

301 1178 458 1243 {rumentum
473 1170 559 1223 Tiberi
571 1173 769 1234 subvectassent,
784 1179 892 1228 onustae
903 1176 1002 1225 rudere
1010 1177 1104 1227 dawe-

302 1252 403 1299 rereut:
422 1246 592 1313 aedificiaque
601 1248 668 1312 ipsu,
680 1254 752 1299 serta
760 1249 804 1299 aui
811 1253 896 1313 parte,
909 1250 966 1299 siae
976 1250 1102 1310 trabibus,

302 1335 374 1373 sane.
381 1316 482 1371 anirw
491 1320 621 1375 Aibuuoue
629 1320 821 1374 solidarentur:
837 1318 942 1390 quodie
952 1318 1104 1395 lapisigni-

301 1392 354 1447 hue
367 1391 507 1462 inpervius
520 1399 569 1447 est.
607 1393 667 1447 Iam
677 1410 757 1462 aqua,
766 1397 930 1461 priuatorum
943 1396 1057 1451 lieentia
1065 1400 1105 1450 io-

195 1496 200 1503 ·
303 1475 424 1535 trreeptu,
440 1484 491 1535 quo
505 1470 606 1535 lar-pior
619 1476 644 1521 et
651 1470 773 1536 pluribus
785 1470 850 1523 loeis
858 1472 887 1522 iu
894 1471 1033 1535 publicum
1042 1474 1105 1538 tius-

301 1544 1105 1611 ret,custodes,etsubsidioreprimeudiaiuuibusiupropatulo

302 1620 410 1684 quiaque
419 1618 538 1670 baberet:
551 1632 597 1669 reso
608 1619 782 1672 commuuione
787 1620 980 1684 parietum,aed
986 1622 1105 1686 proprie

302 1706 418 1759 quaeque
435 1694 518 1744 muria
536 1686 704 1743 ambirentur.
741 1690 791 1755 Ea,
811 1706 847 1745 ex
863 1690 978 1744 utilitate
986 1700 1103 1763 aooepta,

302 1763 422 1819 deoorern
437 1780 545 1835 quoque
559 1778 643 1819 novoe
657 1763 720 1819 urbi
732 1764 860 1819 adtulere.
898 1765 984 1819 Erunt
1002 1773 1103 1831 tamen

301 1839 350 1911 qui
365 1836 510 1909 crederent,
525 1847 634 1893 ueterem
648 1841 722 1893 iilam
733 1845 845 1909 [umam
857 1842 1013 1894 salubritati
1020 1846 1106 1910 mepte

302 1916 465 1976 adussisse,
480 1917 602 1982 queniam
615 1917 752 1981 ansearius
766 1918 889 1969 itinerum
902 1922 927 1967 et
940 1917 1058 1969 altitudo
1067 1925 1104 1971 te-

302 1998 401 2043 storum
418 2004 470 2041 uon
484 1991 593 2056 perinde
611 1991 675 2042 solis
692 2005 789 2056 vapore
799 1998 1049 2055 perrumperentur:
1077 1998 1105 2044 ot

301 2080 370 2118 uuus
387 2065 506 2131 patulam
526 2066 697 2125 latitudinem,
714 2071 741 2116 et
757 2066 834 2117 nullo
850 2065 944 2117 umbre
961 2066 1103 2134 &seusam

300 2142 421 2205 praeiere
430 2143 503 2191 aestu
512 2140 657 2199 ardescere.
675 2193 677 2196 ,

357 2212 398 2263 li.
418 2210 452 2265 Et
461 2210 526 2265 hseo
536 2209 647 2281 quidem
656 2210 784 2265 humenis
792 2209 913 2265 oonsiliis
921 2212 1104 2282 provideban-

302 2293 353 2337 tur.
394 2284 456 2338 Mox
468 2286 549 2355 petita
563 2285 615 2339 diis
628 2284 744 2356 piacula,
764 2284 883 2358 aditique
896 2284 1016 2359 Sibyllae
1028 2285 1101 2352 libri,

301 2375 335 2413 ex
348 2357 450 2429 quibus
462 2357 642 2429 supplicatum
652 2358 771 2415 Vuleono
779 2366 806 2413 et
815 2358 904 2414 Ceteri
913 2361 1103 2432 Proserpinae-

301 2448 364 2504 que,
375 2448 406 2487 ao
415 2432 554 2502 propitiata
564 2434 631 2488 luno
640 2450 689 2504 per
697 2441 839 2499 matronae,
848 2435 973 2504 primum
980 2436 1012 2489 in
1021 2435 1102 2507 Capi-

301 2507 371 2572 tolio,
383 2506 478 2561 deinde
487 2506 559 2576 apud
568 2508 722 2576 proximum
733 2525 819 2564 mare:
839 2508 912 2564 unde
925 2508 1023 2565 hausta
1031 2528 1102 2583 nqrra

301 2582 431 2653 templum
441 2588 467 2635 et
476 2579 651 2636 eimulaorum
661 2581 725 2637 deae
734 2598 907 2654 prospereum
917 2591 971 2639 est:
992 2593 1019 2638 et
1028 2584 1102 2639 selli-

300 2653 1009 2731 sterniaaopervigilieeelebrsvpreleminauquibus
1018 2660 1102 2715 meri-
1164 2681 1165 2688 ¹

300 2732 320 2783 ti
330 2737 413 2786 erant.
442 2730 494 2785 Sed
505 2747 557 2785 non
567 2746 617 2801 ope
626 2729 755 2794 humana,
765 2749 817 2787 non
828 2730 1016 2805 largitionibus
1025 2733 1102 2805 prin-

300 2804 368 2873 cipie
384 2811 430 2857 aut
442 2803 523 2859 deum
537 2803 710 2875 placamentis
724 2804 865 2861 decedebst
883 2805 1010 2873 infamis,
1032 2809 1100 2881 quin

301 2878 407 2934 iussum
416 2878 571 2933 inpendium
581 2876 740 2932 crederetur.
778 2879 987 2952 Ergoabolendo
996 2883 1100 2938 rumori

301 2946 371 3005 Nero
388 2950 508 3005 subdidit
527 2968 595 3015 reos,
616 2958 643 3007 et
659 2952 867 3023 quaesitissimis
884 2955 980 3026 pesnis
991 2955 1099 3021 adierit,
