2575 3734
203 440 330 515 ecoe)
405 450 801 501 monuments.
921 434 1002 503 ’394

203 554 287 624 inpar
300 549 394 614 dolori,
407 552 545 607 tormentis
554 551 692 609 diluoeruri
702 554 786 610 iubet.
824 555 859 611 At
868 553 943 611 illum
952 574 1007 613 non

204 627 329 692 verbera,
345 641 399 681 nou
410 625 497 699 ignes,
510 643 564 683 nou
578 626 618 683 ira
631 644 663 683 eo
671 630 759 684 acrius
769 632 961 703 torquentium,
973 648 1008 687 ne

204 720 221 758 n
236 700 338 757 femina
350 707 552 772 spernerentur,
566 704 712 773 pervinere,
727 704 795 776 quin
808 705 909 762 obieeta
926 704 1008 761 dene-

204 784 292 851 garet.
332 774 378 830 Sio
386 775 490 846 primus
499 776 664 847 quaestionis
672 777 731 832 dies
739 786 917 850 eontemptus.
956 780 1008 836 Po·

204 860 289 917 atero,
300 867 363 905 curn
374 849 407 903 ud
416 848 522 905 eosdem
534 850 668 905 eruciatus
675 852 852 909 retraheretur
860 854 1009 927 gestamine

206 923 378 997 sellue‚(num
387 922 525 979 dissolutis
534 924 664 981 membris
673 927 796 982 insistere
805 927 1009 1001 nequibat)vin-

207 1000 251 1057 οΙο
263 998 368 1063 fasciae,
384 1014 467 1068 quum
480 1000 579 1070 pectori
588 998 745 1067 detraxerat,
759 1003 788 1057 in
797 1002 907 1058 modum
917 1002 1008 1079 laquei

207 1074 243 1129 ed
252 1089 345 1132 eroum
355 1070 436 1127 sellae
445 1072 573 1139 restricto,
583 1072 682 1130 indidit
688 1078 829 1143 eervieem,
843 1086 879 1143 et,
889 1080 1008 1151 eorporis

206 1148 325 1221 pondere
339 1147 459 1212 nonnisu,
469 1154 577 1203 tenuem
590 1148 643 1203 inm
654 1151 779 1221 spiritum
787 1152 932 1223 expressit:
953 1152 1009 1208 elu-

207 1226 280 1278 riore
299 1221 421 1293 exemplo
439 1220 562 1277 libertina
581 1222 688 1288 mulier,
708 1226 739 1279 in
756 1232 827 1280 tantu
839 1228 1011 1293 necessitote,¹

209 1298 310 1353 alienos
329 1313 360 1352 ae
377 1304 461 1369 prope
472 1297 576 1371 ignotos
589 1298 759 1371 protegendo,
779 1317 842 1355 enm
855 1302 966 1375 ingenui
982 1309 1009 1357 et
1065 1320 1070 1327 ·

210 1373 262 1428 viri
275 1379 302 1427 et
316 1370 420 1445 equites
429 1370 542 1428 Romani
551 1380 747 1445 senatoresque,
758 1373 849 1429 intueti
857 1378 1005 1442 tormentis,

209 1448 349 1503 carusima
359 1463 471 1503 suorum
480 1446 598 1519 quisque
606 1447 750 1521 pignorum
759 1448 908 1520 proderent.
947 1452 1008 1509 Non

210 1523 284 1577 euim
296 1520 452 1578 omittebant
465 1522 590 1577 Lucanus
606 1538 715 1595 quoque
729 1531 755 1578 et
769 1522 877 1578 Senecio
888 1531 914 1579 et
921 1524 1008 1591 Quin-

211 1588 315 1652 otiarius
323 1592 425 1669 pusiim
435 1597 554 1653 noneeios
563 1596 649 1663 edere,
661 1599 748 1671 magis
758 1600 899 1671 magisque
909 1598 1007 1670 parido

211 1672 324 1737 Nerone,
343 1686 509 1745 quemquam
526 1670 712 1743 multipliertis
730 1672 851 1728 excubiis
862 1681 947 1729 semet
964 1691 1007 1729 se-

209 1748 317 1819 psiseet.

266 1898 309 1951 te.
330 1892 403 1971 Quin
414 1903 440 1952 et
450 1894 555 1962 urbem,
569 1912 618 1967 per
630 1894 782 1968 manipulos
791 1897 925 1967 ooeupntis
934 1911 1008 1950 moe·

212 1970 303 2035 nibus,
314 1969 417 2025 insesso
427 1972 506 2026 etium
520 1971 588 2025 muri
599 1978 625 2027 et
636 1987 723 2036 omne,
735 1969 808 2026 velut
821 1969 1007 2025 incustoditam

212 2045 292 2101 dedit.
312 2044 515 2119 Volitebnntque
523 2062 572 2118 per
582 2044 647 2111 fora,
658 2045 816 2117 perdemus,
826 2062 889 2100 rura
898 2062 1008 2117 quoque

211 2129 237 2176 et
247 2121 368 2193 proximu
376 2119 874 2193 municipiorumpeduesequitesqne,
880 2120 1006 2191 permixti

212 2195 368 2260 Germanis,
388 2194 489 2267 quibus
507 2194 604 2251 fidebat
621 2196 760 2266 princeps,
779 2194 859 2267 queri
877 2194 1003 2250 externis.
1019 2232 1023 2239 -

213 2270 343 2337 Contiuun
356 2268 420 2325 hino
432 2277 458 2325 et
470 2270 560 2325 iunotu
573 2269 799 2344 agminetrehiuo
807 2267 909 2325 foribus
917 2269 1008 2324 horto-
1042 2311 1044 2314 ,

212 2364 273 2401 rum
282 2344 410 2400 adiecere.
429 2343 527 2417 Atque,
541 2344 588 2400 uhi
597 2343 737 2399 dicendum
745 2343 781 2398 ud
789 2359 913 2399 oensem
921 2343 1007 2399 inun-

211 2421 303 2485 iesent,
319 2422 442 2475 laetatum
455 2434 518 2489 erpa
532 2423 688 2483 contueatur,
704 2422 880 2488 redfortur'tut
888 2434 973 2471 termo
981 2425 1007 2470 et

210 2499 289 2551 subiti
300 2511 430 2559 occursus,
445 2498 470 2549 et
484 2496 636 2557 convivium,
651 2498 676 2548 εἰ
686 2495 861 2563 epeetneutum
872 2493 952 2545 timot
963 2494 1007 2544 io-
1050 2499 1052 2503 '

211 2569 297 2633 iurent,
313 2585 362 2640 pro
375 2568 488 2624 erimine
500 2568 598 2639 recipi:
618 2584 691 2633 oum,
703 2584 785 2640 super
798 2564 911 2621 Neronis
919 2580 952 2619 re
959 2563 1007 2617 Ti·

211 2643 302 2717 gellini
319 2659 412 2699 suevus
426 2642 666 2715 percunctationem
683 2643 784 2697 Feniue
796 2654 906 2712 quoque
917 2635 1005 2693 Rufus

212 2717 337 2774 violenter
346 2724 461 2790 urgeret,
468 2717 586 2774 nondum
595 2717 629 2772 ab
637 2715 771 2771 indicibus
777 2711 1003 2780 nominetne,eed,

213 2792 510 2924 ttufltttttttt
526 2788 1006 2937 ttttttrtttttfflt

128 3008 129 3013 ἵ
213 2942 298 3013 ipsam
315 2941 492 3017 eognitionem
506 2941 680 3015 destringeret
693 2938 824 3013 gladium,
844 2938 1006 3010 eaedemque
