2575 3734
229 287 279 308 ‘'3’'

207 523 224 561 u
249 502 334 577 ouo.)
403 511 585 560 n1-n.x111.
606 516 696 564 cnr.
717 518 757 564 se.
778 518 820 565 rr.
961 515 1011 570 295

207 614 666 688 pinquorum‚pr0priuetporoiore
675 634 778 674 meuse.
817 617 877 682 illio
887 619 1013 692 epulante

118 721 119 728 κ
208 688 369 755 Britannioo,
385 688 450 760 quie
463 688 537 744 eibos
549 697 684 762 potusque
693 695 752 747 eius
760 691 921 750 doleetusex
931 695 1012 753 mini·

208 765 272 820 stris
285 771 370 838 gustu
382 761 545 834 explorabat,
562 781 598 820 ne
608 765 773 822 omitteretur
787 767 950 841 institutum,
965 776 1012 830 eut

208 839 351 910 utriusque
360 838 608 908 morte-proderetur
619 839 718 906 reolus,
733 840 794 898 tulis
803 840 882 898 dolus
891 851 1012 915 repertus

209 921 260 973 est.
300 913 410 968 innoxie
422 912 511 980 adhue
525 930 556 968 no
567 915 715 986 praeualida
724 923 751 970 et
760 914 841 972 libato
849 924 931 990 gustu
940 919 1012 989 potio

210 987 323 1046 traditur
336 988 501 1044 Britonuioo:
521 986 599 1054 dein,
614 997 758 1062 postquem
771 989 874 1048 iervoro
885 1009 1013 1063 esperon-

209 1062 299 1128 batur,
313 1061 411 1136 irigidn
426 1062 455 1118 in
469 1079 541 1136 oque
553 1062 710 1121 adfunditur
723 1081 869 1132 venenum,
887 1066 962 1138 quod
975 1068 1011 1123 ito

209 1144 321 1194 cunnos
331 1137 392 1192 eius
406 1145 481 1193 arnus
494 1138 622 1209 perussit,
637 1147 668 1194 ut
681 1157 735 1196 vox
748 1141 884 1212 peniteret
898 1141 1012 1212 spiritus

208 1220 374 1284 raperentur.
415 1212 572 1286 Trepidatur
585 1213 881 1285 soirumsodentibus3
902 1215 1012 1290 diffugi-

208 1295 260 1344 unt
267 1283 452 1358 inprudentes.
472 1286 507 1343 At
516 1287 618 1360 quibus
627 1287 704 1344 altior
713 1289 872 1357 intellectus,
883 1293 1012 1348 resistunt

118 1399 119 1402 =
209 1361 293 1423 defini
311 1369 336 1416 et
353 1347 485 1420 Neronem
504 1362 650 1421 intuentes,
688 1362 746 1429 llio,
760 1372 792 1420 ut
804 1374 860 1421 eret
868 1365 977 1424 reclinis
987 1374 1012 1420 et

209 1437 302 1492 neseio
311 1435 418 1502 similis,
430 1439 593 1500 uelitum-itu,
609 1439 655 1504 sit,
664 1456 714 1506 per
722 1444 878 1495 oomtttotem
885 1444 1010 1504 mortum,

210 1529 263 1582 quo
269 1514 425 1580 primumub
434 1516 740 1582 totouttaodtlteturetur
749 1515 927 1579 Britannicus,
935 1525 959 1570 et
968 1532 1012 1570 re-
1051 1545 1054 1551 ·

210 1590 312 1642 diturus
327 1589 468 1656 paullatim
485 1591 558 1642 otrus
575 1603 722 1657 tenueque.
760 1586 795 1643 tt
810 1587 974 1661 Agrippinae
988 1589 1012 1643 is

118 1717 119 1720 ,
210 1677 304 1732 pavor,
315 1677 345 1718 eo
353 1661 529 1718 consternatio
538 1662 780 1734 mentis,quomvis
791 1662 868 1720 vultu
877 1680 1012 1734 premere-

210 1743 264 1802 tur,
285 1735 405 1802 emituit,
425 1742 465 1802 ut,
485 1731 596 1808 perinde
614 1737 738 1810 ignorum
752 1736 838 1792 luisse
851 1754 882 1792 oe
893 1754 1011 1792 sororem

209 1810 355 1866 Britannici
373 1809 521 1877 Ootuvim
542 1812 703 1868 eonstiterit:
723 1813 825 1883 quippe
843 1811 897 1866 sibi
916 1829 1012 1882 supre-

118 1883 119 1898 ’
209 1902 287 1944 mum
298 1884 430 1940 auxilium
441 1893 574 1958 ereptum,
586 1893 613 1940 et
620 1885 757 1957 parricidii
767 1885 923 1957 exemplum
933 1884 1012 1941 intel-

209 1957 317 2032 ligebat
355 1957 462 2016 Octavio
489 1977 611 2032 quoque,
631 1960 762 2031 quemvis
783 1961 899 2015 rudibus
920 1961 1010 2025 annis,

209 2033 341 2100 dolorem,
353 2034 496 2102 osritotem,
513 2035 603 2092 omnis
611 2034 731 2092 sdieotus
741 2035 902 2092 obsoondere
910 2035 1013 2092 didiee-

209 2115 259 2164 rot.

266 2184 308 2238 tt.
329 2183 367 2238 lto
376 2192 437 2256 post
444 2184 526 2242 breve
535 2183 674 2240 silentium
687 2185 797 2256 repetito
808 2185 926 2240 oonvivii
936 2184 1012 2240 loeti·
1082 2241 1087 2249 ,

208 2259 255 2316 tio.
292 2258 556 2318 Norendemneeem
564 2259 851 2334 Britannieietrogum
860 2260 1009 2335 ooniunxit,

207 2333 318 2406 proviso
326 2340 387 2388 ente
395 2332 502 2390 funebri
512 2335 671 2407 perstu,qui
681 2334 803 2393 modicus
812 2334 872 2391 luit.
897 2337 927 2392 ln
938 2335 1012 2392 cem·

206 2425 244 2481 po
257 2415 345 2464 umen
359 2408 452 2464 Martis
465 2409 586 2480 repobus
602 2418 651 2475 est,
662 2409 727 2466 adeo
740 2410 855 2467 turbidis
865 2410 1010 2475 imbribus,

208 2481 518 2556 utvulgusiromdeum
528 2484 651 2554 portendi
658 2481 1011 2552 credideritsdrersusioei-

207 2575 271 2624 nus,
295 2558 340 2612 oui
353 2555 477 2630 plerique
491 2557 570 2614 etiem
585 2557 727 2628 hominurn
739 2559 921 2632 ignoscebant,
942 2559 1012 2612 anti·

207 2649 278 2706 quae
296 2631 409 2688 botrum
428 2631 575 2688 dissordins
592 2640 618 2688 et
634 2634 789 2690 insociabile
802 2649 917 2706 regnum
932 2632 1012 2686 oesti-
1095 2672 1101 2677 .

206 2715 321 2766 montes.
361 2707 481 2762 Tradunt
493 2707 615 2779 plerique
628 2724 721 2764 eorum
735 2716 886 2779 temporum
898 2706 1012 2778 scripto-

207 2799 260 2848 res,
277 2785 376 2838 oretrts
389 2791 450 2838 outo
464 2785 575 2839 oeittum
588 2785 678 2840 dbttu
691 2785 806 2838 inlusum
819 2787 869 2836 tsse
881 2786 1012 2850 puerities

207 2855 520 2914 oeramentum.-
538 2863 569 2912 ut
588 2857 717 2912 iambos
729 2863 906 2928 praematuro,
921 2872 1011 2928 oeque
1101 2884 1103 2887 ·

207 2945 289 2986 saeve
302 2947 375 2988 mors
389 2931 475 2988 videri
489 2938 579 3004 quest,
593 2931 720 3003 quemvis
728 2931 799 2988 inter
807 2949 882 2994 noro
890 2947 1009 2994 mensae,

118 3083 119 3088 η
208 3021 243 3062 ns
257 3012 373 3081 tempore
386 3006 497 3081 quidem
511 3005 545 3062 ed
557 3003 730 3078 eomplexuru
739 3022 861 3062 sororum
870 3005 940 3071 doto,
950 3013 1011 3060 soto
