2575 3734
196 476 256 515 sc.
271 456 319 532 se.)
388 466 564 514 LIB.x11L
586 468 674 516 cae.
695 468 815 517 oo-sr.
948 464 997 517 att

195 567 356 640 respiciens,
371 574 396 622 st
406 573 490 622 cetera
500 566 587 624 sidera
599 583 710 633 vocans,
725 569 804 641 quasi
819 585 907 626 caram
914 570 997 626 inter-

196 642 319 716 rogabat,
334 645 457 698 vellamus
472 647 589 698 contueri
602 647 682 698 umas
697 641 801 698 solum?
819 644 908 702 rouo
925 663 998 700 more

195 721 410 788 ummtaudereot
418 720 543 772 adversm
552 725 685 772 terraram
692 726 830 786 ereptores.

251 794 295 848 56.
315 792 350 846 Et
367 797 514 846 eommotus
531 790 576 848 his
589 790 714 856 Avitus..
719 797 846 860 pattendo
863 795 999 848 meliorum

197 871 316 934 imperim
353 866 386 920 Id
394 869 458 929 diis,
470 883 533 936 quoa
543 868 724 936 implorarent,
731 869 873 934 ulredum,
887 875 917 922 ut
925 870 999 922 arbl-

198 946 364 1009 trtumpeues
373 941 501 996 florenos
509 949 634 1004 manmt,
645 945 708 1010 qaid
717 944 891 1011 darentqut'd
899 945 999 996 adime-

197 1024 270 1072 rent:
289 1031 369 1084 usque
386 1017 454 1071 alios
472 1018 583 1078 tudites,
604 1033 683 1084 quam
695 1031 723 1070 ss
737 1019 818 1083 ineos,
836 1025 997 1084 paterentur.

197 1089 303 1146 Haecin
311 1087 453 1161 publicum
458 1087 636 1160 Ampsivariis
646 1090 797 1161 respondit:
808 1089 996 1162 ipsilioioealo,

196 1168 228 1220 ob
237 1167 529 1226 rumoriumumt'ettiae
541 1168 666 1220 datomtm
679 1182 765 1234 eqroa.
804 1164 881 1232 Quod
893 1165 953 1231 illa,
969 1173 999 1222 ut

195 1239 354 1312 proditionis
367 1238 497 1310 pretium,
518 1245 676 1310 aspernatus
689 1239 804 1296 addidit:
824 1241 917 1297 Deesse
925 1244 999 1295 nobis

197 1325 283 1378 tetra,
297 1319 326 1368 tn
340 1331 393 1382 quo
406 1317 537 1382 vivamus·
555 1319 584 1370 irs
598 1331 651 1383 qun
664 1319 823 1381 mmor,
841 1332 893 1370 non
903 1324 997 1384 potest.

196 1389 286 1460 Atque
296 1389 347 1453 ita,
363 1386 475 1444 infensis
485 1388 622 1462 utrimque
631 1389 744 1454 animm,
757 1389 918 1446 discessum.
956 1389 999 1444 llli

197 1465 351 1527 Bructeros,
362 1462 515 1528 Tencteros,
526 1461 665 1520 ulteriores
674 1463 754 1518 etiam
764 1463 898 1529 nationes,
913 1465 998 1521 scolas

197 1537 270 1594 bello
278 1537 414 1605 vocabant.
435 1537 847 1610 Avitus,scriptoadCurtilium
854 1538 996 1605 Manciam,

198 1612 345 1684 superioris
354 1612 484 1668 exercitus
499 1611 630 1686 legatum,
646 1622 675 1669 ot
686 1614 799 1668 merom
813 1622 997 1682 transgressus,

198 1705 276 1743 eruta
289 1705 307 1742 a
321 1695 392 1756 terso
405 1691 562 1743 ostenderet:
581 1689 640 1760 ipse
653 1687 771 1761 legiones
784 1687 815 1742 in
824 1704 920 1762 agrum
930 1687 1000 1742 Ten-

199 1769 301 1818 cterum
309 1761 430 1826 induxit,
441 1767 573 1826 euotdiom
582 1763 725 1828 minitans,
736 1766 789 1817 uisa·
797 1779 918 1817 museum
924 1779 1001 1816 emm

198 1841 378 1903 dissertorem.
416 1837 500 1910 Igitur
514 1837 706 1893 absistentibus
719 1836 779 1902 his,
792 1837 851 1909 pari
865 1844 939 1891 metu
953 1853 1001 1892 ax-

198 1912 284 1970 territi
292 1911 420 1967 Bructeri.
458 1911 492 1966 Et
501 1913 594 1968 ceteris
604 1928 713 1985 quoque
722 1910 808 1978 aliena
821 1910 941 1982 pericula
953 1910 1000 1966 de·

199 1984 446 2050 lendentibus,‚sola
455 1985 687 2057 Ampsivariorum
695 2004 762 2061 gens
772 1993 841 2041 retro
850 1983 999 2058 adUsipioa

200 2070 226 2116 et
246 2060 380 2115 Tubantes
397 2062 536 2117 concessit.
576 2057 698 2127 Quorum
717 2061 795 2116 terris
813 2062 912 2126 exacti,
936 2079 999 2116 cum

200 2135 302 2200 Cattos,
316 2134 378 2190 dein
387 2133 535 2191 Cheruscos
544 2136 686 2206 petissent,
702 2152 789 2191 errore
799 2134 891 2209 longo,
907 2135 1000 2207 hospi-

200 2219 254 2276 tes,
266 2210 357 2283 egeni,
370 2209 468 2277 hostes,
479 2211 508 2266 in
519 2209 614 2276 alieno,
626 2210 854 2283 qnodiuventntis
864 2218 928 2276 erat,
940 2227 1000 2265 cao-

199 2284 314 2340 duntur:
326 2283 433 2340 inbellis
442 2292 512 2340 aetas
522 2283 686 2358 in'praedam
698 2284 783 2340 divisa
793 2293 843 2340 est.

254 2360 297 2414 57.
317 2359 417 2415 Eadem
436 2367 533 2428 aestate
551 2361 620 2416 inter
638 2359 840 2416 Hermunduros
858 2359 1000 2431 cattosque

198 2441 328 2490 certatum
341 2451 438 2509 magno
450 2433 563 2506 proelio,
582 2434 649 2490 dum
661 2431 777 2500 flumen,
796 2434 931 2509 gignendo
945 2433 1001 2488 sala

197 2508 345 2565 iocundum
355 2516 381 2563 et
389 2511 628 2576 conterminorum
636 2509 758 2579 trahunt3
770 2527 852 2585 super
860 2507 999 2563 libidinem

198 2592 294 2640 cuncta
305 2584 387 2638 armis
400 2584 505 2658 agendi,
517 2583 644 2659 religione
653 2585 744 2651 insita,
755 2602 798 2639 eos
806 2587 920 2638 maxime
931 2584 1000 2636 loeas

195 2663 377 2732 propinquare
387 2663 463 2726 coelo,
471 2675 612 2730 precesque
621 2663 772 2715 mortalium
781 2677 799 2713 o
808 2661 1001 2724 oesnmqoom

194 2735 308 2806 prosim
325 2738 423 2790 audiri.
462 2735 536 2798 lude,
555 2737 718 2808 indulqeutt'a
736 2737 882 2794 numinum,
905 2733 953 2786 illo
972 2735 1001 2786 itt

123 2797 127 2910 l
192 2827 275 2876 ,omne
285 2812 470 2878 illisquesilos's
482 2811 562 2863 solam
568 2814 719 2878 provenire,
734 2824 801 2871 uon,
814 2807 1001 2874 utoliosapud
1102 2849 1108 2862 .

123 2911 124 2934 ι
193 2891 298 2954 -ottttta,
308 2886 484 2946 eluctemoria
492 2892 623 2939 armceote
633 2884 859 2950 commodasset
867 2884 1001 2936 ardentem

123 2963 127 3084 l
198 2961 326 3014 urbem
337 2966 435 3014 struem
446 2963 521 3028 fuae,
536 2975 571 3012 em
586 2960 728 3012 contrariis
741 2959 810 3011 iuter
821 2957 998 3017 uelamentis,
