2575 3734
308 478 357 531 tes
590 482 825 532 usnemun
972 470 1109 548 (unus

287 645 296 662 ι
360 587 388 639 o.
407 583 479 638 Exin
494 581 567 640 Cotta
581 580 768 648 bleseallinus,
789 581 962 638 sacvimimae
976 582 1113 655 cuiusque

306 663 452 714 sententiae
461 665 653 730 annomeoque
661 657 805 713 inveterato
813 656 980 722 invidia,ubi
987 656 1111 728 primum
1162 705 1163 710 ,

306 731 418 788 facultas
428 731 503 798 datu,
517 733 640 806 arguitur
653 729 794 803 pleraque:
818 728 848 787 C.
860 730 1015 796 Caesarem,
1031 734 1112 804 quasi

308 809 423 863 incestae
437 805 585 871 virilitatis,
601 814 640 872 et,
655 823 719 862 cum
737 805 780 860 die
794 803 874 860 natali
890 805 1029 879 Augustae
1042 805 1113 860 inter

308 881 455 938 sacerdotes
474 879 641 952 epularetur,
661 879 846 937 novendialem
865 895 924 934 eam
944 895 1057 936 coenam
1070 880 1113 934 di-

307 957 395 1012 xisse:
410 971 581 1027 querensque
594 954 627 1008 do
640 954 757 1025 potentia
766 954 803 1009 M.
815 954 909 1025 Lepidi
921 970 953 1008 ac
961 955 994 1009 L.
1005 953 1113 1012 Arrun·
1161 981 1164 1020 i

306 1031 348 1095 tii,
360 1046 423 1084 oum
432 1029 533 1100 quibus
542 1028 577 1084 ob
586 1045 643 1082 rem
652 1028 835 1100 pecuniariam
845 1027 1023 1100 disceptabat,
1035 1029 1113 1084 addi·
1163 1027 1164 1034 ’

307 1104 394 1159 disse:
415 1104 478 1158 Illos
487 1108 590 1172 quidem
598 1112 712 1167 senatus,
724 1120 763 1157 me
771 1111 857 1157 cutem
870 1107 982 1158 tuebitur
993 1105 1113 1158 Tiberio-

308 1181 349 1232 tuo
361 1194 442 1231 meua.
480 1177 574 1249 Neque
587 1185 683 1233 cuncta
692 1195 708 1233 o
716 1177 880 1250 primoribus
890 1177 1005 1232 civitatis
1020 1175 1113 1233 rodn-

307 1251 429 1306 oebatur:
450 1251 539 1323 iisque
552 1251 779 1319 instantibus,'ad
788 1253 973 1324 imperatorem
982 1268 1113 1323 provoca-

307 1325 356 1381 vit.
395 1325 451 1380 Neo
462 1324 547 1382 multo
560 1335 621 1398 post
634 1326 735 1382 litterae
754 1324 923 1392 adferuntur,
943 1326 1063 1398 quibus,
1081 1327 1112 1382 in

308 1397 420 1455 modum
428 1398 600 1466 defensionis,
608 1401 717 1472 repetito
727 1401 795 1456 inter
804 1417 833 1456 se
844 1409 925 1473 atquc
930 1399 1035 1458 Cottam
1042 1402 1112 1456 ami-

306 1474 385 1528 citiae
393 1473 535 1546 principio,
547 1474 701 1549 crebrisque
710 1477 769 1532 eius
778 1473 873 1531 officiis
883 1476 1109 1542 commemoratis,

307 1563 342 1602 ne
357 1547 438 1602 verba
452 1566 534 1620 prave
551 1548 664 1614 detorta,
686 1565 738 1605 neu
757 1548 938 1605 convivalium
956 1549 1111 1606 fabularum

307 1618 467 1693 simplicitas
476 1623 506 1678 in
519 1623 622 1678 crimen
636 1623 791 1690 duceretur,
806 1622 961 1696 postulavit.
1000 1625 1111 1699 Insigne

308 1696 399 1753 visum
409 1697 683 1754 estearumCaesaris
693 1696 840 1754 litterarum
850 1700 969 1770 initium.

363 1775 389 1827 6.
409 1771 479 1828 Nam
488 1771 532 1828 his
542 1772 751 1830 verbisexorsus
762 1781 814 1830 est:
829 1774 898 1840 Quid
906 1777 1021 1829 scribom
1029 1778 1111 1839 vobio,

307 1845 337 1900 P.
351 1844 392 1910 0.,
403 1856 451 1901 aut
459 1852 584 1917 quomodo
593 1851 721 1912 scribam,
735 1858 783 1904 out
797 1852 860 1918 quid
869 1854 971 1904 omnium
981 1854 1112 1905 conem-

308 1922 368 1974 bom
380 1923 428 1975 boo
442 1930 566 1991 temporo,
582 1926 621 1978 dii
630 1941 671 1978 ma
684 1927 796 1992 deosque
804 1928 881 1992 petuo
892 1927 1016 1991 perduct,
1033 1941 1112 1993 quom

303 1998 442 2062 perireme
450 2001 564 2064 quotidie
573 2003 668 2063 sentio,
683 2002 708 2054 ai
720 2002 783 2052 ecio.
820 1997 893 2054 Adeo
906 1995 1022 2052 indnora
1031 2006 1113 2070 atque

306 2065 407 2140 flagitia
416 2085 468 2123 sua
475 2070 530 2142 ipsi
539 2087 648 2143 quoque
656 2072 686 2127 in
698 2071 863 2144 supplicium
878 2079 1018 2128 verterant.
1059 2075 1112 2128 Nc-

307 2158 363 2214 que
372 2139 471 2197 frustra
479 2146 726 2216 praestantissimus
735 2147 880 2219 sapientiae
894 2145 1001 2202 firmare
1013 2146 1112 2204 solitus

307 2223 362 2282 ost,
378 2216 403 2270 si
412 2215 584 2275 recludantur
592 2228 768 2294 tyrannorum
780 2229 897 2288 mentes,
913 2237 993 2292 posse
1007 2221 1112 2295 adspici

306 2289 423 2346 laniatus
438 2300 464 2347 et
476 2293 560 2363 ictus3
580 2294 702 2368 quando,
718 2303 748 2350 ut
762 2313 871 2368 corpora
885 2295 1060 2363 verberibus,
1075 2299 1112 2353 ita

307 2364 433 2432 saevitia,
445 2365 566 2434 libidine,
578 2367 657 2424 malis
667 2369 810 2436 consultis,
821 2371 930 2428 animus
941 2369 1110 2428 dilaceretur.

307 2437 416 2511 Quippe
429 2441 567 2498 Tiberium
581 2460 635 2498 non
649 2443 768 2509 fortuna,
784 2462 837 2500 non
852 2445 1010 2502 solitudines
1023 2454 1113 2518 prote-

305 2513 418 2644 peltant,
438 2515 506 2588 quin
520 2523 650 2573 tormenta
665 2519 779 2590 pectoris
798 2537 915 2593 suusque
934 2521 993 2594 ipso
1010 2538 1112 2594 poenas

317 2597 441 2646 aleretur.

312 2731 315 2736 Ι
362 2664 389 2720 Ἰ.
410 2665 495 2731 Tum,
512 2663 577 2721 iacta
587 2665 709 2737 patribus
719 2674 846 2739 potestate
855 2670 987 2725 statuendi
1000 2671 1033 2726 dc
1044 2669 1111 2728 Cae·

306 2736 404 2794 ciliano
414 2746 546 2805 senatore,
562 2741 611 2812 qui
624 2739 741 2813 plurima
754 2742 897 2799 adversum
907 2742 1009 2800 Cottam
1018 2763 1111 2817 prom-

305 2821 409 2884 pserat,
425 2813 568 2886 placitum,
585 2816 696 2872 eandem
710 2833 824 2889 poenam
838 2819 968 2893 inrogari,
984 2837 1069 2891 quam
1081 2822 1111 2878 in

307 2887 454 2944 Aruseium
475 2897 501 2944 et
519 2887 715 2963 Sanquinium,
742 2901 906 2948 accusatores
924 2894 957 2950 L.
976 2891 1108 2950 Arruntii.

307 2959 366 3027 Quo
373 2981 427 3026 non
436 2963 511 3020 aliud
520 2963 738 3022 honorificentius
744 2966 832 3023 Cottae
842 2968 942 3040 evenit;
953 2970 1003 3041 qui
1011 2969 1110 3026 nobilis
