2575 3734
283 461 332 514 tet
562 465 799 512 iuuentuti
942 456 1006 529 (aa
1029 469 1079 514 rra.

282 571 404 634 flocbrat.
440 567 526 640 Igitur
532 567 648 620 tractatis
659 564 842 638 religionibus,
851 563 991 637 placitum,
1003 566 1083 620 insti·

282 650 339 696 tuto
352 639 492 696 flaminum
506 640 574 696 nibil
587 640 729 695 demutari.
767 639 879 696 Sedlata
890 639 946 706 lex,
963 656 1019 712 qua
1035 639 1083 696 ila-
1168 667 1169 672 κ

283 717 381 772 minica
390 715 483 781 murs,
494 732 630 772 sacrorum
639 731 743 780 caussa,
754 715 783 769 in
793 722 918 786 potestate
928 715 1085 779 viri,eetera
1168 731 1169 772 1

282 791 433 878 promiscuo
444 789 606 878 feminarum
622 790 682 845 iure
695 796 792 876 ageret.
829 789 864 844 Et
880 787 1087 878 l¹l⁰⁸.M³¹*¹3¹‘

282 863 981 1010 ttriffltttlffislitilitt‘itttt
988 881 1088 1018 ἓξὲξ

283 1014 378 1070 sendus
388 1013 576 1079 caerimonias,
591 1013 726 1070 decretum
737 1012 872 1068 Corneliae
881 1013 995 1087 virgini,
1012 1030 1088 1086 quae

282 1090 311 1144 in
322 1089 410 1143 locum
418 1086 538 1146 Scantiae
546 1088 712 1160 capiebatur,
725 1087 781 1143 HS.
791 1089 856 1144 XX.
867 1097 892 1142 et
899 1093 1018 1158 quotiens
1026 1089 1088 1144 Au-

282 1172 359 1232 pueta
368 1162 495 1216 theatrum
502 1167 647 1228 introisset,
662 1172 691 1218 ut
703 1167 775 1218 aedes
787 1167 855 1218 inter
868 1165 1008 1218 Vestalium
1019 1177 1088 1219 ooo-

284 1241 386 1292 rideret.

340 1312 381 1365 Π.
401 1309 523 1369 Cornelio
531 1311 657 1387 Cethego,
668 1311 778 1390 Visellio
786 1312 904 1369 Varrone
913 1329 981 1368 coes.
991 1311 1089 1384 ponti-

284 1385 361 1450 fices,
377 1402 524 1459 eorumque
536 1387 659 1460 exemplo
672 1388 751 1443 ceteri
770 1387 930 1454 sacerdotes,
951 1403 1014 1442 cum
1034 1405 1088 1460 pro

283 1459 463 1517 incolumitate
471 1463 603 1533 principis
611 1471 672 1519 vota
683 1464 857 1536 susciperent,
872 1464 1003 1518 Neronem
1013 1479 1089 1536 quo-

284 1553 338 1606 que
351 1543 377 1591 et
389 1537 507 1591 Drusum
520 1536 617 1592 iisdem
629 1537 683 1592 diis
703 1537 933 1606 commendaver03
954 1554 1007 1593 non
1018 1547 1088 1594 —tam

284 1613 390 1666 caritate
397 1611 537 1677 iuvenum,
548 1629 632 1685 quem
641 1612 803 1668 adulatione:
815 1629 885 1685 quae
894 1613 1090 1668 moribus-cor-¹

254 1718 265 1736 .
283 1687 371 1757 ruptis
379 1686 490 1759 perinrb
498 1703 605 1760 anceps,
615 1687 640 1742 si
651 1686 735 1753 nulla,
747 1696 773 1742 et
781 1689 829 1744 ubi
839 1689 922 1743 nimia
932 1695 980 1742 est.
1012 1689 1087 1744 Nam

284 1761 421 1828 Tiberius,
436 1762 509 1818 baud
521 1779 643 1835 unquam
658 1762 750 1819 domui
760 1763 912 1820 Germanici
921 1763 1008 1827 mitis,
1023 1771 1087 1818 tum

284 1853 361 1902 vero,
377 1839 485 1910 aequari
499 1836 676 1894 adolescmtes
690 1846 809 1894 senectae
820 1849 899 1904 suaa,
914 1839 1087 1908 impatienter

283 1911 411 1967 indoluit:
431 1913 582 1986 aceimque
594 1913 733 1985 pontifices
747 1919 933 1986 percunctatus
947 1919 1000 1978 est,
1014 1925 1091 1967 num*

284 1984 313 2039 id
322 1986 447 2055 precibus
455 1986 628 2060 Agrippinae,
639 1989 787 2053 autminis,
798 1988 964 2043 tribuissent.
998 1986 1034 2043 Et
1042 1986 1087 2042 illi

285 2058 409 2131 quidem,
420 2071 586 2134 quamquam
594 2063 755 2129 abnuerent,
766 2062 870 2118 modice
877 2059 1024 2134 perstricti,
1035 2061 1087 2136 (et-

284 2133 357 2187 enim
375 2151 437 2204 pars
454 2152 580 2210 magma
593 2139 754 2210 propinquis
768 2139 872 2210 ipsius,
892 2147 938 2192 aut
950 2138 1085 2208 primores

285 2208 398 2262 evictis
411 2209 510 2282 erant):
529 2218 647 2268 ceterum
660 2213 689 2266 in
704 2219 798 2267 senatu
811 2213 927 2269 oratione
940 2213 1045 2268 monuit
1053 2213 1085 2268 in

283 2291 433 2353 posterum,
447 2301 479 2337 oe
492 2290 552 2353 qais
564 2290 669 2341 mettim
682 2289 882 2342 adolescentiam
895 2292 995 2343 animos
1002 2305 1087 2357 proe-

283 2361 395 2412 maturia
412 2361 550 2415 tarentas
567 2364 604 2414 cd
620 2363 768 2429 superbiam
786 2366 928 2418 retolloret.
967 2363 1088 2421 instabat

284 2431 386 2503 quippe
397 2430 524 2498 Seianus,
540 2434 732 2509 incusabatque
746 2441 879 2492 diductam
893 2442 1036 2502 civitatem,
1053 2448 1085 2492 ut

285 2509 445 2562 civilitate.-
460 2525 521 2571 σιω,
535 2513 581 2578 put
589 2515 742 2578 apartium
750 2511 1019 2581 Apripptnceoocect:
1039 2530 1083 2576 cc,

283 2585 471 2647 circumter,
486 2586 650 2653 stropium:
669 2601 750 2655 neque
758 2590 1086 2657 mtudpttreeottrdt'socr‘-
1168 2647 1169 2658 ,

283 2659 343 2711 dice
356 2661 507 2727 remedium,
521 2674 601 2728 prom
612 2663 637 2714 et
649 2674 717 2716 cous
733 2663 832 2717 atteras
844 2667 959 2717 mactate
968 2666 1089 2732 prompte·

283 2733 500 2789 mtaaereatar.

340 2808 380 2861 48.
401 2805 460 2872 Qua
469 2823 563 2862 caussa
573 2805 603 2863 G.
617 2807 730 2877 Silium,
747 2818 773 2866 et
781 2810 882 2866 Titium
891 2809 1022 2866 Sabinum
1035 2810 1085 2866 ed-'

284 2879 413 2952 greditur.
453 2880 576 2938 Amicitia
587 2883 741 2942 Germanici
748 2885 895 2958 perniciosa
905 2886 1027 2958 utrique;
1039 2884 1084 2940 Si-

285 2953 322 3010 lio
331 2962 369 3021 et,
380 2956 454 3028 quod
464 2958 580 3032 ingentis
589 2961 721 3018 exercitus
731 2968 832 3034 septem
840 2977 888 3034 per
898 2977 981 3016 annos
990 2959 1084 3016 mode·
