2575 3734
288 488 336 542 tit
564 489 800 540 arialdum!
952 481 987 557 (a.
998 499 1026 538 n.
1037 493 1101 542 173.

285 595 333 650 rit
373 593 443 648 Nam
457 590 581 664 eulpam,
602 593 671 647 ieter
686 590 758 646 viros
772 597 798 645 et
811 588 925 644 feminas
939 588 1100 664 vulgatam,
1168 599 1169 644 3

285 667 362 742 gravi
371 667 481 722 nomine
490 669 786 734 laesorummlipionum
799 681 831 719 ao
842 668 955 720 stolatae
964 670 1104 720 maiesta-

286 747 321 798 tie
333 741 503 815 adpellandn,
516 739 685 796 elementiam
700 741 844 804 maiorum,
854 755 973 810 suaeque
981 739 1044 811 ipse
1055 738 1104 794 le-

285 833 335 890 ges
352 816 547 891 egrediebatur.
585 814 639 869 Sed
657 813 770 870 alionum
787 815 889 879 exitus,
905 813 989 868 simul
1004 821 1102 869 uetera

286 891 362 946 illius
381 890 484 956 nemus,
504 889 666 954 memorabo,
688 890 723 954 si,
739 888 836 943 effectis
851 889 880 942 in
894 905 964 960 quae
978 889 1098 955 tetendi,
1166 911 1169 946 t

287 965 378 1037 plures
387 964 422 1020 ad
431 981 510 1020 ouras
519 965 603 1020 vitam
612 963 772 1034 produxero.
802 964 834 1018 D.
845 962 963 1029 Silanus,
975 963 1005 1018 in
1016 965 1102 1034 nepti

287 1039 404 1113 Augusti
416 1037 530 1103 adulter,
544 1055 712 1111 quamquam
724 1056 778 1094 non
788 1037 858 1092 ultra
869 1036 934 1093 foret
943 1039 1099 1104 saevitum,

288 1131 372 1187 quam
385 1120 417 1168 ut
428 1113 546 1168 amicitia
560 1113 682 1168 Caesaris
691 1113 885 1185 prohiberetur,
897 1112 1026 1168 exsilium
1037 1113 1101 1168 sibi

288 1188 463 1244 demouebari
476 1187 620 1243 intellexit:
640 1205 704 1252 neo,
721 1189 775 1242 nisi
788 1188 895 1242 Tiberio
908 1188 1098 1258 imperitante,
1168 1199 1169 1208 ¹

287 1262 423 1333 deprecari
436 1270 561 1318 senatum
573 1279 605 1317 uo
618 1263 769 1334 prinoipem
783 1279 869 1318 ausus
882 1272 934 1327 est,
956 1263 992 1317 ll.
1005 1261 1101 1318 Silani
1168 1273 1169 1326 i

289 1336 376 1391 fratris
390 1339 521 1408 potentia,
543 1337 593 1408 qui
606 1354 655 1408 per
669 1337 805 1410 insignem
817 1336 981 1392 nobilitatem
997 1344 1023 1391 et
1036 1337 1102 1393 elo-
1165 1367 1169 1398 r

289 1409 618 1483 quentiampraeoellebat.
658 1409 710 1466 Sed
720 1412 843 1466 Tiberius
852 1417 939 1484 grates
948 1412 1038 1484 agenti
1048 1411 1101 1466 Si-

288 1485 485 1557 lano,patribus
496 1501 594 1549 eoram,
605 1486 751 1556 respondit,
761 1503 788 1540 ee
798 1503 898 1556 quoque
908 1487 1011 1550 tortam
1022 1492 1101 1554 quod

287 1566 373 1629 frater
381 1564 675 1629 eiueepereprirrottone
685 1564 989 1630 lonqinquoreuertiseet
1008 1562 1102 1630 quue

288 1640 347 1689 iure
360 1637 468 1700 licitum,
485 1639 550 1704 puio
561 1651 616 1689 nnn
627 1639 858 1699 earnemcarnem,
871 1651 924 1690 non
937 1638 990 1704 lepe
996 1637 1100 1703 pulsus
1167 1649 1169 1674 ÷

288 1715 364 1779 soret.
401 1709 459 1766 Sibi
472 1718 558 1765 tamen
570 1714 696 1764 adversere
709 1727 768 1766 eum
780 1715 896 1780 interme
910 1715 1031 1778 porentia
1049 1715 1101 1765 rur·

289 1789 455 1855 offenderes:
473 1802 555 1854 euque
568 1789 655 1839 reditu
669 1785 757 1841 Sileni
771 1789 906 1847 dissoluto,
923 1801 989 1854 qma
1000 1784 1100 1853 Aspre-

289 1868 345 1987 εὲιε
361 1863 491 1915 uoluisset
529 1860 594 1915 Fuit
609 1859 720 1932 posthae
738 1861 767 1915 in
781 1859 857 1926 urbe,
873 1876 962 1932 neque
977 1858 1099 1914 honores

289 1951 304 1988 a
323 1950 338 1988 e
357 1941 401 1988 tus
410 1941 460 1988 est.
1168 1951 1169 1958 ¹

278 1996 282 2003 ’
337 1951 388 2064 lib.
408 2007 531 2063 Relatum
544 2008 641 2064 deinde
653 2007 687 2064 de
699 2008 859 2064 moderanda
869 2008 950 2080 Papia
959 2007 1096 2078 Poppaea,

290 2098 374 2155 quam
383 2084 472 2136 senior
481 2081 632 2155 Augustus,
645 2091 706 2154 post
716 2083 798 2138 lulies
807 2085 965 2156 rogationes,
978 2083 1100 2137 innitan-

290 2157 334 2212 dr's
348 2155 480 2211 caelibum
494 2159 589 2228 poenis
602 2166 628 2212 et
640 2159 763 2231 augendo
771 2159 871 2214 aerario
883 2164 1022 2214 sanxerat..
1038 2157 1100 2212 Nec

291 2229 350 2286 ideo
362 2231 486 2304 ooniugia
499 2239 525 2286 et
539 2232 707 2288 educationes
717 2232 833 2287 liberum
844 2232 1097 2305 frequentabantur,

290 2304 443 2376 praevalida
452 2305 572 2360 orbitate.
599 2305 722 2362 Ceterum
732 2307 875 2364 multitudo
884 2307 1098 2379 periclitantium
1168 2345 1169 2372 ,

290 2379 498 2454 glisoebat,oum
507 2381 596 2436 omnis
605 2381 703 2436 domus
712 2381 860 2438 delatorum
872 2381 1100 2454 interpretationi·
1168 2415 1169 2450 1

291 2455 344 2509 bus
356 2455 567 2510 subverteretur:
588 2463 672 2527 utque
685 2456 795 2512 antehae
804 2455 922 2530 flagitiis,
935 2459 971 2512 ita
980 2464 1046 2511 tirno
1055 2454 1099 2511 le-

291 2529 373 2604 gibus
388 2529 565 2593 laborabatur.
603 2531 643 2584 Ea
657 2547 701 2584 res
714 2531 847 2596 admonet,
863 2541 893 2586 ut
905 2533 938 2587 de
950 2531 1098 2603 principiis
1168 2565 1169 2588 r

291 2605 370 2670 iuris,
382 2612 408 2658 et
417 2604 518 2676 quibus
527 2604 616 2660 modis
625 2605 660 2660 ud
668 2605 738 2660 bano
747 2606 949 2662 multitudinem
959 2605 1097 2661 infinitam

292 2696 323 2733 ao
332 2679 485 2734 varietatem
496 2678 587 2752 legum
596 2689 757 2752 perventum
768 2683 812 2748 sit,
824 2681 905 2745 altius
917 2681 1059 2736 disseram.

346 2756 389 2810 26.
401 2754 583 2810 Vetustissimi
592 2755 756 2822 mortalium,
769 2757 844 2812 nulla
854 2756 942 2812 adhue
951 2755 1021 2810 mala
1032 2753 1099 2809 libi-

292 2826 365 2893 dine,
377 2829 436 2882 sine
444 2829 551 2900 probro,
562 2830 670 2897 seelera,
682 2847 767 2902 eoque
776 2833 836 2886 sine
844 2847 930 2902 poena
940 2839 986 2886 aut
995 2830 1100 2884 enerci-
1168 2881 1169 2884 ,

292 2901 412 2957 tionibus
426 2903 551 2975 agebant:
574 2922 662 2977 neque
673 2907 803 2977 praemiis
811 2923 880 2977 opus
893 2913 956 2969 erat,
971 2921 1035 2960 oum
1046 2903 1100 2958 bo-

294 2986 369 3032 nesta
383 2985 478 3048 suopte
490 2979 600 3052 ingenio
616 2988 784 3053 peterentur,
806 2988 844 3046 et,
861 2979 907 3036 ubi
922 2977 991 3034 nibil
1005 2987 1099 3034 eontra
